2572 4590
86 136 154 240 lui
274 162 278 177 '

192 348 318 451 Atque
332 366 477 427 ¹eorum
506 346 651 449 primus
683 278 835 450 quidem
870 349 1038 426 studium
1064 350 1141 456 fuit
1210 390 1213 395 f

91 512 206 603 atque
227 502 377 580 invidia
395 501 619 600 aequalium.
666 501 812 603 Quippe
834 496 1067 603 temporibus
1092 501 1140 575 il-

90 655 139 741 lis
162 654 498 734 nubruentissimis
524 656 621 732 unus
647 657 804 756 quisque
836 655 1006 730 alterutri
1034 659 1141 754 parti

92 828 135 891 aa
160 807 358 900 adiunxit,
387 810 580 885 solitarius
602 818 875 908 separatusque
902 829 927 881 a
948 807 1140 880 communi

22 972 26 977 '
83 942 387 1039 -malo‘eivitatis
421 965 577 1038 secessit
605 983 728 1039 nemo.
781 961 921 1034 Verum
947 980 1046 1034 eum‘
1061 982 1141 1032 non
1229 953 1232 961 '

92 1116 209 1228 φφφ
223 1114 499 1222 manibusque,
524 1111 595 1200 sed
615 1100 744 1209 lingua
769 1122 881 1212 atque
904 1113 1033 1191 verbis
1059 1122 1169 1187 tum,

1 1273 39 1328 .“
92 1264 193 1391 inter
215 1268 318 1343 cives
345 1271 595 1364 pugnaretur,
628 1266 710 1339 lieri
731 1287 809 1338 non
830 1266 954 1362 potuit
973 1266 1065 1363 quin
1090 1264 1142 1339 ad
1203 1253 1212 1281 ⁸

93 1418 197 1494 viros
229 1441 397 1497 srunmos
431 1430 498 1495 aut
536 1379 820 1493 calumniandos
852 1415 1144 1516 vituperandos

19 1536 38 1675 Ἰ
96 1588 170 1669 qua
199 1582 271 1647 aut
296 1571 541 1648 celebrandos
575 1567 908 1666 defendendosque
939 1571 1069 1647 multa
1087 1570 1144 1645 ia·
1226 1666 1229 1675 ι

96 1731 180 1799 aete
202 1700 269 1798 aut
284 1723 485 1798 inhoneste
512 1721 615 1796 dieta
634 1718 784 1795 laetave
803 1720 1066 1794 invenirentur
1087 1731 1144 1795 at-

71 1844 171 1975 sque
195 1876 493 1973 divulgarentur,
511 1897 607 1974 quae
632 1873 828 1948 hominum
852 1884 988 1972 postea
1009 1875 1144 1951 viven-

69 2026 194 2118 .tium
218 2024 422 2113 eredulita's
453 2040 493 2102 et
519 2026 652 2123 religio
684 2026 732 2101 ab
755 2026 946 2102 oblivione
973 2025 1145 2103 vindiea-

97 2178 168 2253 vit
218 2178 335 2279 ldque
351 2180 600 2256 Demostheni
621 2202 717 2279 prae
737 2179 823 2253 aliis
845 2179 1046 2274 contigisse
1066 2200 1146 2252 non
1180 2225 1184 2232 ·

38 2407 44 2415 ,
97 2294 296 2408 miralritur
317 2334 382 2432 qui
406 2344 784 2433 reputet,·quantum
805 2332 872 2404 ille
902 2333 948 2404 in·
971 2331 1145 2407 omnibus

33 2500 36 2505 ·
98 2481 233 2581 neus,
269 2456 538 2583 souiexope
570 2483 704 2556 uenire
730 2483 892 2573 arture,
908 2472 1147 2580 'aquensem

99 2620 380 2710 auis‘omnlbus
399 2634 668 2735 praestiterim·
690 2630 860 2708 summus
884 2634 936 2707 in'
952 2635 1148 2732 republica
1187 2600 1189 2605 Ι

35 2822 45 2829 -
99 2785 221 2878 maus,
250 2788 413 2888 patriam
438 2783 688 2895 conservandi
712 2746 935 2861 inconeussa
957 2787 1146 2880 voluntas,
1215 2806 1224 2818 ·

3 3024 34 3043 ,ι
82 2904 221 3013 lanimi
251 2960 295 3014 ae
325 2954 475 3020 morum
499 2934 668 3040 probitas
696 2936 944 3031 intemerata,
969 2939 1149 3040 eloquen-

100 3089 179 3164 tiae
207 3092 268 3168 vis
292 3093 580 3205 insuperabilis,
608 3090 841 3167 omniatam
864 3093 1070 3190 praeclara,
1091 3105 1146 3188 ut,

99 3241 167 3338 qui
192 3240 252 3321 ab,
266 3244 388 3320 altera
403 3256 512 3344 parte
537 3255 701 3334 starent,
730 3242 905 3318 homines
929 3244 1150 3345 plerumque

101 3392 162 3467 sui
193 3406 307 3490 quam
345 3398 492 3495 patriae
533 3396 782 3483 amantiores,
823 3414 1038 3492 quanquam
1072 3416 1148 3468 non

100 3514 182 3620 tam
201 3543 340 3622 abiecti
361 3551 443 3627 sive
461 3503 572 3624 'strrlti
602 3538 648 3621 ut
674 3544 800 3623 videri
825 3568 895 3647 pro
917 3548 1042 3646 patria
1063 3569 1151 3646 pro-

100 3714 271 3798 pugnare
289 3689 445 3800 nollent,
464 3686 782 3803 peropportunam
804 3666 1151 3775 haberentralum-

43 3856 47 3863 '
82 3847 249 3940 'aiendi
262 3850 485 3943 mentiendi,
501 3850 740 3927 conviciandi
759 3844 994 3924 oooesiunem
1010 3871 1056 3961 ae
1075 3850 1151 3928 lar·

101 3999 297 4094 summam
311 3995 542 4082 -rnaterirrn
599 4002 829 4111 inquibus,
861 4003 1040 4102 quoniam
1064 3994 1152 4079 reli·
