2572 4590
111 216 160 292 ⁴0⁰

113 411 255 482 essent,
272 394 314 464 ah
337 366 445 485 aliquo
468 398 598 463 demum
625 397 756 464 homins
778 398 927 484 imperito
948 402 982 465 iu
1006 421 1077 466 eam
1099 422 1165 487 qus

114 521 204 567 nunc
230 503 296 566 sint
310 498 458 567 ¹formam
482 501 612 567 redacta
641 523 729 577 esse;
766 523 840 566 narn
863 507 1013 601 exceptis
1037 517 1164 568 tantum

111 601 428 688 foede-perturbatis
450 604 525 667 vitis
545 602 696 671 Isocratis
719 603 1071 695 atquessllemosthenis
1092 627 1162 670 om·

114 707 169 770 nia
192 708 373 768 maximam
396 719 521 789 partem
544 709 622 770 satis
645 705 728 769 hene
750 707 924 770 cohaerere
946 709 969 790 (
967 715 1028 772 rot'r
1038 707 1163 786 finden

46 874 49 881 ,
112 805 353 870 meistentdcr'lr
382 812 456 869 eine
488 805 622 870 leidlt'cd
645 807 829 890 geordnctc
854 805 1098 894 Dorrtellsng‚
1124 829 1163 894 p.

112 909 212 993 2¹4);
244 912 362 995 quippe
385 922 548 972 auctorem
568 911 710 993 incipere
731 930 750 972 a
772 932 909 994 genere,
936 912 1097 975 interdum
1120 909 1162 974 ab

113 1033 202 1077 anno
227 1011 329 1076 natali
354 1002 509 1089 oratoris,
539 1011 698 1075 subiicere
720 1015 863 1097 potiores
884 1016 954 1077 eius
979 1036 1031 1079 res
1053 1027 1165 1100 gestas

111 1113 199 1179 haud
229 1113 327 1199 plane
353 1115 461 1198 inepte
487 1104 656 1196 ordinatas
678 1116 730 1198 (in
754 1114 938 1198 crtrdglicd
960 1135 1162 1179 zusammen·

111 1213 309 1298 tangendo
341 1211 598 1300 Dorrtellung),
633 1216 771 1302 denique
804 1202 973 1281 annectere
1002 1219 1163 1303 quaedam

113 1317 154 1381 de
184 1316 389 1381 orationibus
411 1338 586 1403 earumque
608 1338 760 1400 nurnero,
797 1319 922 1411 colore,
952 1332 1087 1400 aventu,
1120 1320 1162 1396 de

113 1423 274 1507 cognatis,
296 1419 574 1506 progenie,aliis;
603 1423 711 1511 itaque
733 1424 839 1498 mein
862 1421 1068 1487 describenda
1090 1421 1161 1484 for·

114 1545 169 1603 rna
197 1535 297 1613 atque
321 1522 429 1588 indole
457 1522 554 1587 huius
579 1521 654 1587 libri
679 1523 810 1586 modum
835 1523 934 1610 longa
960 1523 1161 1610 multumque

115 1628 314 1701 excessisse;
348 1638 516 1709 praeterea
544 1626 573 1688 si
595 1637 703 1689 essent
730 1625 946 1708 collectanea,
975 1627 1162 1713 exspectari

114 1742 152 1794 ut
170 1751 254 1815 quae
275 1749 359 1792 unus
385 1728 520 1813 quisque
542 1730 680 1811 scriptor
701 1728 898 1805 tradidisset,
920 1712 1090 1794 coniuhcta
1113 1727 1160 1792 le·

115 1847 289 1919 gerentur,
319 1843 351 1894 et
374 1833 504 1894 omnino
532 1829 632 1894 multo
656 1829 751 1914 plura
779 1844 812 1896 et
841 1834 993 1918 graviora
1019 1853 1066 1895 ex
1088 1830 1161 1919 aliis

50 1917 51 1921 Ἰ
116 1948 273 2020 excerpta
292 1938 327 1996 in
348 1933 400 1998 his
421 1920 497 1998 vitis
516 1935 768 1998 continerentur.
812 1933 851 1999 ln
872 1928 988 2021 quihus
1014 1933 1090 1998 licet
1110 1937 1159 1996 in·

115 2038 178 2100 sint
190 2035 358 2125 ‚quaedam
384 2036 570 2113 verissima,
600 2047 636 2098 ut
658 2037 691 2099 id
718 2037 823 2120 ipsum
846 2036 931 2122 quod
953 2058 1006 2101 me
1030 2037 1107 2101 dicit
1126 2039 1160 2101 in

117 2137 326 2203 describendo
344 2135 428 2200 libro
448 2136 577 2212 modum
600 2141 781 2203 excessisse
801 2138 901 2225 (quod
922 2141 1063 2224 ingenue
1085 2162 1160 2205 cou-

116 2242 203 2308 fitori
222 2244 353 2306 minime
373 2239 512 2324 dubito),
532 2254 641 2306 tamen
658 2245 769 2307 insunt
784 2232 849 2306 alia
869 2264 1008 2329 quoque,
1026 2266 1072 2308 ex
1089 2247 1159 2331 qui·

116 2346 178 2413 bus
199 2358 290 2432 patet
311 2366 406 2433 quam
428 2346 471 2409 sit
491 2366 576 2431 vaga
597 2358 631 2409 et
649 2366 763 2431 parum
789 2344 852 2410 sibi
874 2360 1160 2412 constanscenso·

116 2454 163 2516 ris
183 2451 313 2535 opinio,
342 2461 379 2511 ut
402 2447 488 2533 quod
509 2450 661 2532 excipere
680 2462 810 2512 coactus
830 2460 880 2511 est
899 2451 983 2512 vitas
1008 2448 1160 2514 Isocratis

117 2568 214 2638 atque
236 2550 471 2629 Demosthenis
487 2564 520 2613 et
541 2549 666 2636 reliqua
688 2570 815 2637 quoque
834 2553 1161 2638 maximampartem

118 2667 243 2721 tantum
265 2651 348 2716 bene
368 2653 542 2718 cohaerere
562 2652 742 2719 confitetur.
784 2653 860 2722 Non
881 2646 960 2741 puto
982 2655 1043 2719 hac
1062 2678 1160 2742 argu·

117 2756 316 2824 mentatione
337 2756 487 2819 effectum
507 2778 596 2835 esso,
620 2769 659 2820 ut
680 2757 742 2820 hae
763 2760 932 2846 vitae-pro
955 2758 1160 2831 collectaneis
1234 2840 1236 2845 y

117 2882 184 2927 nou
212 2856 324 2922 haberi
346 2860 480 2943 possint.
535 2857 590 2923 'l'u
610 2861 685 2924 vide
713 2882 795 2947 quae
823 2883 897 2925 mea
924 2882 1008 2926 nunc
1036 2861 1160 2928 sithoc

115 2979 157 3043 ις’
182 2962 288 3026 denuo
309 2981 470 3045 perpensa
493 2980 531 3025 ac
553 2962 701 3027 secundis
721 2965 806 3028 curis
827 2946 1002 3030 retractata
1029 2979 1160 3059 senten·

113 3069 174 3132 tia.
228 3061 421 3128 Plutarchus
448 3063 615 3130 consilium
643 3069 728 3152 cepit
756 3067 918 3137 scribendi
943 3072 1027 3134 vitas
1049 3071 1160 3135 decem

118 3182 293 3234 oratorum.
336 3163 431 3242 Quod
452 3169 508 3253 qui
530 3172 591 3232 scit
612 3192 707 3256 quam
730 3174 774 3236 sit
799 3169 944 3254 difficile,
974 3194 1069 3259 quarn
1091 3195 1161 3237 am·

117 3272 207 3359 plum
228 3269 477 3357 multiplicisque
499 3269 663 3336 doctrinae
682 3288 917 3359 argumentum,
938 3274 1025 3339 haud
1046 3273 1166 3358 absur-¹

64 3429 66 3432 .
120 3375 201 3470 dum·
215 3374 369 3439 iudicabit
389 3374 418 3436 si
438 3394 612 3458 ponamus,
634 3377 773 3460 primum
797 3399 870 3441 enm
891 3379 1057 3440 materiam
1080 3374 1158 3440 olim

119 3479 327 3564 digerendam
344 3476 555 3562 undecunque
578 3475 747 3563 collegisse
769 3493 803 3543 et
824 3482 856 3543 in
875 3479 1060 3564 adversaria
1079 3499 1158 3553 con·

119 3583 245 3648 iecisse.
297 3581 421 3645 Verum
443 3602 508 3644 non
531 3602 570 3644 ea
593 3602 674 3667 opus
699 3594 769 3645 erat
790 3572 962 3647 Plutarcho
982 3602 1157 3668 praepara·
1207 3617 1210 3622 ·
1233 3616 1236 3626 ·

119 3685 209 3750 tione
230 3703 293 3768 qua
324 3681 378 3746 alii
405 3684 536 3761 fuisset,
569 3687 624 3770 qui
648 3683 762 3749 horum
790 3685 953 3751 hominum
982 3706 1158 3773 eorumque

121 3799 265 3852 aetatum
289 3783 443 3849 historiae
472 3808 604 3872 prorsus
631 3789 764 3873 ignarus
789 3787 829 3850 ad
859 3786 941 3851 tales
967 3790 1053 3852 vitas
1079 3791 1158 3854 scri·

119 3889 242 3956 hendas
259 3886 433 3952 accederet.
466 3884 594 3975 Quippe
615 3888 671 3953 ille
694 3892 779 3954 enim
800 3889 967 3975 descriptis
986 3892 1053 3955 iam
1075 3891 1157 3956 mul·

120 3994 163 4058 tis
191 3991 332 4054 omnium
359 4002 540 4073 tempomm
563 3992 642 4056 viris
671 3989 935 4077 praeclprirsimis
964 3993 1062 4080 inque
1083 4013 1158 4058 curn

121 4092 218 4160 linem
239 4089 330 4156 libris
351 4089 443 4157 lectis
463 4095 568 4158 omnis
587 4095 717 4183 generis
738 4092 934 4180 utilissimis,
951 4097 1017 4164 ism
1040 4093 1158 4161 dudum
