2572 4590
111 162 158 249 ii.

110 352 184 405 rum
206 349 314 395 rerum
335 330 562 411 enarratione,
593 327 686 395 volut
709 329 914 417 profusuru-
933 332 1006 397 rire
1034 352 1057 397 a
1079 331 1158 401 Phi-

109 418 200 522 lipno
229 436 265 499 in
295 434 477 518 proditores
511 435 720 518 poemiamru
750 435 822 498 aive
850 431 892 499 nh
917 432 1084 501 omuino
1112 437 1156 503 d

64 560 68 565 ·
111 538 351 602 damnationem
369 535 404 599 in
426 537 557 601 natione
580 536 622 599 de
650 533 736 600 maie
757 548 854 622 gesta
872 534 1040 622 legatione
1059 560 1156 605 ever·

111 640 242 707 tendam
261 643 339 725 (quo
360 658 434 703 oum
453 636 527 703 loeo
548 639 791 724 oouinngendua
811 650 862 703 ast
876 636 959 705 dius
980 637 1025 705 ah
1044 662 1157 707 tuan

109 744 278 811 Idomenei
307 741 548 807 marmoribus
575 744 734 820 omissus,
766 763 867 828 queru-
888 742 1029 809 inclinavi
1055 766 1156 832 sunm

112 858 223 911 annot.
239 842 321 930 ts),
344 856 413 908 tum
433 864 455 907 a
471 842 707 921 Demosthenis
725 844 837 909 antioir
856 846 892 909 in
910 842 1094 913 Demaden
1112 847 1156 913 d

110 946 313 1035 hhmantiurn
335 959 505 1031 ¹omtorem
525 969 547 1010 n
567 945 711 1032 periculo
731 949 923 1011 imminente
948 947 1036 1031 (ooli.
1054 948 1156 1019 Diod.

111 1030 176 1131 Sin.
196 1048 311 1115 xvss.
332 1050 410 1131 1⁵.),
434 1069 498 1114 nou
520 1046 674 1113 abhorret
695 1046 738 1112 ab
759 1050 848 1113 omni
866 1049 1155 1117 verisimilitudine·

111 1152 183 1218 Iam
203 1154 233 1217 ri
251 1153 287 1215 in
315 1149 398 1237 haee
420 1151 604 1238 fragmenta
625 1153 807 1217 accuratius
828 1153 1054 1237 inquisiverit,
1082 1154 1155 1219 iure

110 1256 290 1341 meritoque
313 1252 403 1319 dieas
430 1252 640 1319 Idomenenm
669 1274 735 1317 uou
764 1275 805 1318 eo
832 1253 935 1319 fuisse
960 1256 1154 1323 instructam

111 1359 243 1444 iugenio
272 1376 376 1443 eoque
403 1357 551 1443 veritatis
579 1376 689 1420 amore
711 1367 809 1442 atque
830 1356 954 1437 studio,
985 1379 1050 1443 quo
1076 1358 1155 1425 reli·

112 1464 184 1551 quis
205 1458 368 1528 excellere
396 1458 494 1524 dehet
520 1460 574 1524 oni
601 1458 770 1524 historiam
793 1459 936 1524 seribere
954 1464 1155 1546 propositum

113 1578 175 1629 est.
224 1562 339 1651 quue
366 1563 462 1627 modo
484 1564 550 1625 iam
573 1575 703 1625 veteres
730 1561 890 1625 iudicasse
912 1562 1006 1627 docet
1026 1562 1153 1630 Plutar-

113 1667 203 1746 ehur,
223 1667 278 1751 qui
299 1685 372 1729 oum
394 1662 468 1729 aliis
486 1662 564 1727 loeis
584 1661 625 1726 nb
646 1665 717 1735 eius
737 1665 888 1748 opinione
906 1663 1045 1731 multura
1059 1678 1154 1733 'mee-

113 1770 178 1845 dit,
193 1781 276 1845 tum
296 1769 331 1831 in
353 1768 410 1832 vit.
432 1762 530 1831 Deru.
553 1787 582 1829 e·
602 1769 657 1830 23,
679 1784 753 1828 eum
774 1786 848 1829 cnm
871 1763 997 1831 Doride
1019 1790 1152 1856 ,antapo-

113 1873 162 1935 nit
184 1882 283 1955 atqua
309 1889 355 1931 ex
376 1889 510 1933 numero
533 1888 645 1931 eornm
674 1867 788 1931 eximit
809 1869 865 1954 qni
885 1867 948 1933 sibi
968 1885 1046 1935 snut
1062 1874 1152 1937 ,δοκι-

113 1958 254 2056 μώςατοι
279 1973 343 2033 τῶν
372 1968 582 2054 συγγραφέων.
636 1967 751 2055 Itaque
779 1968 953 2035 sublestae
970 1969 1048 2037 fidei
1064 1986 1155 2039 -unut

114 2092 197 2161 qnae
240 2090 286 2135 ex
318 2066 493 2133 Idomeneo
529 2068 570 2132 de
602 2067 822 2135 Demosthene
856 2075 977 2158 passim
1010 2074 1154 2143 effuan-

114 2188 185 2256 tur,
207 2194 271 2260 quo
294 2183 423 2259 praeter
442 2169 634 2237 Plutarohea
657 2175 796 2258 pertinet
821 2177 922 2241 etiam
946 2176 1030 2262 quod
1052 2177 1157 2245 hahet

114 2277 242 2355 hthen,¹
255 2272 352 2343 xlll.
367 2296 400 2361 p.
414 2276 477 2338 592
496 2272 535 2339 F.
556 2274 597 2338 de
617 2273 848 2343 Demosthenis
869 2279 910 2343 ad
930 2300 1055 2345 amores
1075 2301 1155 2368 pro-

115 2378 293 2447 clivitate..
325 2383 328 2390 '

200 2499 273 2565 Iam
299 2498 339 2562 ad
370 2519 426 2563 aas
448 2518 508 2564 nos
527 2511 753 2564 eonvertemus
779 2522 861 2588 quos
888 2490 1067 2567 naturatiua
1091 2502 1153 2569 ali·

116 2613 235 2689 quanto
257 2600 297 2664 de
318 2601 387 2665 vite
408 2600 638 2668 Demosthenis
658 2604 765 2689 egisse
787 2606 976 2691 aceepimus.
1017 2605 1067 2671 Ao
1086 2621 1154 2673 ata·

115 2707 173 2770 tim
193 2704 228 2765 iu
250 2702 405 2786 principio
425 2703 566 2786 ponendi
591 2718 666 2769 sunt
687 2704 834 2770 nonnulli
855 2728 901 2770 ex
922 2708 1152 2794 peripateticis,

116 2827 161 2872 ex
183 2823 319 2890 quorum
340 2802 508 2887 disciplina
533 2807 649 2892 ingens
675 2809 816 2872 vitarum
843 2808 1033 2894 scriptorum
1056 2798 1159 2898 ‘eopia

113 2907 232 2997 prodiit
259 2904 321 2987 ⁶⁵).
383 2905 602 2972 Exordiamur
635 2932 656 2973 a
684 2910 868 2994 Satyro,
898 2912 939 2975 de
969 2933 1035 2998 quo
1067 2915 1159 3001 qnod·

116 3012 214 3077 aniam
247 3006 336 3073 solua
368 3004 445 3071 Ger.
471 3004 525 3073 Jo.
559 3006 690 3077 Vossius
713 3013 766 3098 ⁶⁶)
802 3027 950 3078 accurate
987 3020 1151 3102 exposuit.

115 3113 213 3181 Huuo
227 3112 335 3197 potius
349 3107 473 3175 dixeris
484 3109 550 3194 περὶ
567 3111 700 3188 ἐνδόξων
716 3113 836 3198 ἀνδρῶν
855 3117 1039 3201 scripsisse3
1062 3138 1152 3185 nam·

116 3237 179 3303 que
200 3212 376 3293 seeundum
397 3210 585 3295 Hieronym.
605 3211 661 3278 lib.
674 3213 718 3278 ΙΙ.
738 3214 780 3277 ad
796 3214 957 3281 {oninium
979 3218 1152 3288 illustrium

114 3320 256 3383 virorum
287 3315 414 3399 scripsit
446 3312 617 3389 historiam
650 3337 832 3402 quanquam
866 3317 942 3381 illae
971 3338 1153 3391 constanter

116 3417 176 3482 sub
203 3417 297 3482 titulo
327 3418 390 3497 βίοι
418 3414 600 3483 laudantur.
653 3415 681 3478 E
706 3415 822 3500 quihus
851 3441 934 3504 quae
963 3422 1152 3513 aDiogene

116 3518 250 3584 Laertio
277 3520 419 3607 maxime
447 3531 545 3603 utque
571 3515 612 3581 ab
635 3516 804 3613 Athenaeo
832 3522 1009 3589 afferuntur
1034 3533 1152 3614 partim

118 3623 157 3686 ed
175 3619 385 3707 philosophos
405 3622 524 3706 purtim
546 3620 587 3684 ad
607 3640 702 3707 reges
723 3633 756 3685 et
777 3624 988 3709 imperatores
1008 3630 1153 3715 praeola-

183 3836 229 3906 ot)
251 3840 307 3901 vid.
324 3844 355 3895 A.
373 3844 515 3897 Lozuua'xr
531 3845 662 3909 Hermippl
679 3847 770 3909 fragm.
790 3861 816 3908 p.
835 3844 868 3897 26
887 3863 943 3910 sqq.
1063 3854 1066 3859 '

186 3940 232 4005 66)
259 3945 297 3994 De
315 3944 375 3995 hist.
393 3961 478 4008 graec.
501 3947 551 4003 111.
579 3965 605 4012 p.
620 3949 674 4001 41⁰
694 3963 731 4012 aq·
771 3952 904 4003 Nonnulli
925 3956 1001 4006 effert
1026 3955 1150 4007 citeros

119 4033 179 4082 inti.
197 4032 290 4084 hellen.
311 4038 329 4083 t.
348 4030 399 4087 ΙΙΙ.
419 4047 446 4096 p.
464 4031 525 4087 5²6.
