2572 4590
24 217 27 223 ·
125 174 192 244 did

122 363 252 418 sonunt.
307 348 429 413 Eadem
457 361 506 413 est
535 348 619 412 ratio
647 349 682 411 in
711 348 780 412 vita
799 347 921 431 Lysiae
947 370 1050 437 usque
1078 353 1174 441 adp.

125 459 205 520 836.
221 452 260 534 Β,
282 450 454 538 inquibus
476 449 574 516 nolim
597 472 715 536 urgere
736 453 960 539 repetitionem
983 457 1059 519 anni
1082 469 1175 522 nate-

113 558 169 624 ‚list
189 557 309 640 Lysiae
337 577 369 639 p.
391 560 465 621 836.
488 553 530 635 Α,
561 556 713 641 quoniam
737 576 776 620 eo
805 556 839 619 in
866 559 1055 620 memoriam
1079 581 1174 624 revo-

123 676 201 726 oatto
222 660 362 723 indicare
382 656 451 721 vult
473 679 639 744 quousque
665 659 735 748 iere
757 658 876 741 Lysias
897 660 1031 725 uixerit.
1076 661 1174 729 Glos-

124 785 198 827 sam
222 784 293 825 esse
320 783 386 823 nou
408 760 581 844 persuadet
601 782 714 825 censor
736 773 846 823 noster
876 783 907 846 p.
927 767 1003 827 218.
1054 762 1172 830 Acces-

124 870 238 933 siones
257 867 414 949 incipiunt
439 863 546 929 uerbis
570 866 781 948 Δημοσθένης
808 862 838 928 δ’
864 867 897 929 ἐν
920 871 966 951 τῷ
988 893 1016 930 ν.
1040 871 1083 932 Ν.
1106 876 1169 935 κτλ.

124 969 282 1035 Isocratis
303 970 382 1048 vita,
406 968 434 1030 si
456 979 556 1030 totam
578 981 718 1052 spectas,
737 988 839 1061 aeque
861 980 958 1053 atque
980 967 1172 1034 Demosthe-

123 1077 200 1140 nica
214 1124 218 1132 .
232 1076 265 1153 in
291 1071 389 1137 rebus
423 1072 607 1137 ordinandis
637 1084 686 1135 est
718 1071 1017 1156 perturbatissima3
1058 1079 1170 1138 ver'um
1220 1074 1225 1083 '

121 1177 208 1245 haec
228 1197 356 1262 quoque
382 1173 477 1239 facile
504 1172 674 1239 difficultas
697 1189 894 1250 removetur,
926 1176 954 1237 si
978 1179 1073 1261 ponis
1097 1197 1168 1240 eam

122 1281 260 1347 desiisse
287 1281 418 1362 proprie
448 1276 504 1341 ubi
526 1277 678 1340 desinunt
701 1275 803 1340 verba
831 1277 969 1363 quodam
998 1279 1090 1342 modo
1114 1302 1169 1343 co·
1236 1278 1242 1295 '

15 1436 17 1441 .
104 1383 272 1470 ‘harerere
294 1383 434 1466 incipere
457 1380 673 1443 additamenta
691 1386 740 1442 er<
758 1401 822 1464 quo
845 1382 955 1444 omnia
975 1382 1054 1443 miro
1069 1383 1174 1445 modo.

122 1489 376 1572 permiscentur,
405 1485 429 1583 i..
449 1504 476 1545 e.
497 1482 573 1547 inde
600 1503 619 1544 a
646 1504 677 1565 p.
704 1484 778 1544 838.
802 1480 841 1546 Α.
869 1481 977 1558 verbis
1002 1480 1166 1565 εὐπόρησεν
1198 1472 1221 1497 ’“

20 1612 23 1625 ·
122 1590 247 1664 ἱκανῶς.
278 1585 371 1662 Quae
393 1588 543 1670 quoniam
565 1584 702 1647 diversis
724 1582 923 1667 temporibus
944 1586 1062 1669 scripta
1080 1598 1165 1663 sunt,

122 1708 223 1778 atque
245 1703 356 1753 auctor
377 1691 541 1764 maiorem,
563 1700 600 1751 ut
623 1688 763 1764 videtur,
786 1709 883 1772 quam
903 1686 1035 1772 reliquis
1058 1702 1166 1753 orato-

120 1794 214 1859 ribus
252 1792 386 1856 Isocrati
422 1811 554 1874 operam
588 1788 692 1869 dedit,
735 1786 807 1851 fieri
840 1791 901 1861 vix
932 1786 1026 1853 aliter
1061 1792 1165 1874 potuit

24 1950 30 1961 .
120 1917 221 1981 quant
241 1908 277 1961 ut
296 1914 524 1977 nonnunquam
540 1894 573 1955 iu
597 1891 708 1954 eadem
731 1893 848 1955 iterum
867 1891 1022 1957 incideret
1041 1893 1080 1957 de
1095 1896 1164 1980 qui·

120 1996 184 2061 bus
209 2009 305 2064 antea
330 1998 398 2059 iam
423 2016 603 2061 sermonem
625 1987 758 2058 fecerat.
812 1993 876 2059 Hic
901 1995 976 2061 fons
1000 2009 1049 2060 est
1071 2019 1164 2082 repe-

40 2130 44 2147 =
120 2102 272 2167 titionum
300 2096 431 2174 illarum
459 2118 539 2182 quas
569 2099 698 2181 enotavi
729 2099 763 2161 in
795 2100 1063 2162 commentatione
1091 2120 1164 2162 mea

120 2205 160 2283 de
191 2203 369 2274 enotriti.
396 2199 464 2268 deo.
486 2213 580 2264 oratt.
603 2222 635 2285 p.
656 2204 689 2280 7,
726 2199 904 2286 dequibus
932 2214 1039 2265 tamen
1069 2200 1163 2266 aliter

117 2305 239 2374 iudicat
261 2325 375 2369 censor
397 2315 507 2367 noster
525 2325 558 2388 p.
577 2306 640 2365 217
659 2324 710 2387 sq.
755 2301 803 2365 Ac
824 2293 961 2386 primam
982 2327 1015 2389 p.
1034 2295 1109 2369 838.
1122 2301 1161 2381 Β.

119 2412 162 2494 (οἳ
189 2411 224 2474 δὲ
246 2416 424 2490 τεταρταῖον
441 2405 514 2484 ,ἅμα
542 2415 611 2480 ταῖς
630 2413 745 2489 ταφαῖς
768 2408 831 2467 τῶν
858 2407 889 2470 ἐν
909 2408 1087 2495 Χαιρωνεία
1108 2432 1160 2472 πε·

118 2511 262 2593 σάντων),
296 2531 378 2594 quae
406 2508 491 2571 idem
513 2510 655 2571 continet
682 2507 768 2592 quod
795 2508 859 2570 iam
883 2529 924 2592 p..
940 2512 1013 2575 837.
1032 2509 1072 2573 Ε.
1095 2510 1160 2574 dic·
1184 2493 1197 2516 ”

117 2629 188 2680 tum
211 2625 297 2692 erat,
326 2610 467 2696 glossam
490 2632 561 2675 esse
584 2611 659 2674 dicit
680 2607 752 2674 ioco
776 2607 881 2675 alieno
902 2612 937 2676 in
959 2625 1089 2677 textum
1109 2615 1159 2699 ip·
1216 2678 1219 2683 ,

117 2739 190 2784 sum
211 2713 346 2791 illatam,
367 2713 463 2800 plane
485 2728 521 2779 ut
542 2717 692 2799 proxime
709 2716 886 2798 sequentia,
914 2715 1086 2798 συνέγραψε
1106 2717 1159 2779 καὶ
1232 2722 1240 2735 '

116 2813 253 2895 αὐτοῦὸ
276 2825 348 2892 παῖς
367 2816 516 2900 Ἀφαρεὺς
537 2815 656 2900 λόγους,
680 2814 796 2901 quibus
816 2838 849 2900 p.
871 2820 945 2883 839.
967 2812 1005 2879 C.
1029 2815 1159 2883 demum

115 2921 207 2985 locus
229 2920 352 2983 fuisset.
395 2915 499 2999 Ωιταε,
520 2930 557 2981 ut
575 2918 655 2985 mihi
673 2918 802 3005 quidem
819 2919 957 3000 videtur,
977 2931 1061 3004 sum¹
1073 2921 1158 2985 eiuss

114 3023 216 3098 modi,
238 3035 275 3087 ut
295 3041 400 3106 neque
414 3017 567 3101 affirmari
581 3043 687 3107 neque
707 3021 843 3085 refutari
857 3024 994 3107 possint,
1016 3034 1051 3085 et
1071 3024 1157 3093 omni

112 3127 242 3191 ratione
264 3122 360 3209 plane
375 3134 498 3186 cerem.
535 3121 668 3186 Falsum
688 3123 769 3189 adeo
787 3124 940 3210 estquod
959 3125 1036 3189 dicit
1051 3124 1157 3190 rerba

113 3227 143 3292 αἱ
171 3229 207 3292 δὲ
226 3233 403 3309 τεταρταῖον
429 3230 495 3289 κτλ.
523 3222 629 3289 alieno
656 3224 729 3289 loeo
759 3229 946 3293 intextum
966 3228 1137 3312 irrepsisse
1145 3252 1155 3304 ς

113 3351 176 3416 ego
199 3343 286 3393 certe
308 3325 432 3391 nullum
453 3328 598 3391 iuvenire
619 3349 751 3412 possum
771 3327 881 3393 locum
903 3329 953 3391 eui
973 3330 1080 3413 magis
1102 3350 1155 3392 ac·

95 3427 316 3503 ‚commodate
339 3443 457 3495 essent.
500 3429 651 3518 Sequitur
675 3429 777 3521 altera
798 3431 947 3517 repetitio
969 3451 1002 3515 p.
1026 3435 1099 3495 839.
1116 3429 1153 3493 B.

113 3557 160 3600 ex
182 3559 213 3620 p.
236 3540 311 3599 838.
334 3534 376 3616 Α,
399 3555 480 3618 quae
511 3547 561 3598 est
586 3535 626 3599 de
647 3532 799 3618 Apharei)
822 3533 890 3599 filio
911 3530 1088 3599 Plothenes
1108 3555 1154 3597 ex

110 3637 236 3722 Hippia
257 3635 298 3700 ab
318 3636 460 3704 lacerate
480 3637 653 3724 adoptato;
675 3652 707 3701 et
729 3636 831 3702 altero
851 3636 980 3723 quidem
1000 3635 1073 3701 ioco
1098 3636 1153 3701 nd·

111 3736 359 3824 ditumlegitur
388 3735 430 3815 ώς
456 3743 642 3826 προείρηται.
692 3736 765 3815 Quo
794 3740 1012 3825 additamento
1039 3761 1154 3805 censor

110 3857 221 3927 noster
251 3840 394 3905 abutitur
419 3842 465 3905 ita
496 3854 532 3905 ut
554 3854 737 3923 asseveret,
768 3842 976 3909 Plutarchum
989 3846 1154 3909 tscientem

111 3967 149 4011 ao
168 3943 329 4010 volentem
360 3943 441 4007 haec
467 3962 632 4030 repetere,
665 3948 774 4032 itaque
794 3945 930 4011 diversis
956 3946 1154 4034 temporibus

110 4048 250 4115 seribere
272 4069 337 4112 non
358 4047 512 4133 potuisse.
543 4046 589 4113 At
607 4047 683 4133 quid
704 4047 839 4133 impedit
860 4050 937 4133 quin
959 4051 1072 4116 eodem
1093 4070 1152 4112 nos
1197 4127 1199 4132 .
