2572 4590
134 417 341 501 ρακαλοῧντος
368 410 463 482 natu
492 408 680 507 ἐπιφανῆναι
704 420 772 493 τοῖς
800 416 868 501 περὶ
889 412 944 502 τὴν
960 413 1102 484 Ἑλλάδα
1122 421 1175 485 καὶ
1208 474 1211 487 ,

134 518 348 598 Μακεδονίαν,
369 517 403 582 ἐκ
423 521 557 582 παλαιοῦ
577 518 627 581 καὶ
646 508 768 602 σαπροῦ
782 518 984 602 κρεμαμένοις
1005 516 1171 604 στήμονος,
1192 548 1196 559 ’

132 617 186 682 τὸν
202 618 401 704 Ἀντίπατρον
430 617 510 683 οὕτω
532 614 727 701 σκώψαντος.
779 614 890 695 Quare
920 624 1041 685 erravit
1069 619 1172 686 altero

129 715 203 783 loco
225 719 753 806 diversissimaqnocommutavit,
786 708 869 807 quod
893 724 923 787 ei
953 743 1018 788 non
1039 723 1172 787 accidis·
1252 768 1254 773 -

130 834 198 898 set,
227 823 288 885 nisi
315 821 576 908 chronologicam
606 843 688 908 quae
718 821 833 886 dicitur
861 821 1016 889 historiae
1043 837 1170 911 partem

55 990 61 1003 Ι
130 944 262 1007 prorsus
284 923 504 1011 neglexisset.
549 922 650 988 Cuius
673 924 892 1011 negligentiae
920 926 974 992 vol
997 948 1043 991 ex
1064 930 1170 992 minu-

129 1027 183 1089 tiis
210 1029 429 1092 testimonium
456 1028 529 1113 capi
553 1040 678 1112 potest3
711 1048 850 1113 namque
879 1049 949 1115 cap.
972 1034 1023 1096 30.
1046 1027 1169 1094 Demo-

129 1126 277 1192 sthenem
302 1129 373 1213 {imp
394 1129 443 1194 rut
469 1130 541 1192 δέκα
567 1132 626 1193 τοῦ
645 1133 861 1210 πυανεψιῶνος
880 1130 978 1212 μηνὸς
1004 1143 1169 1197 mortuum

128 1251 200 1295 esse
222 1232 316 1314 dicit,
347 1253 466 1295 annum
488 1232 593 1315 ipsum
614 1228 741 1293 silentio
764 1234 1011 1314 praetermittit3
1048 1235 1168 1321 quippe

127 1332 230 1427 multo
259 1336 290 1398 ei
318 1336 451 1420 gravius
480 1344 529 1396 est
561 1333 645 1418 quod
670 1333 788 1423 ominis
816 1352 930 1398 caussa
958 1334 1064 1401 addit:
1094 1326 1169 1433 3νῇ

94 1480 96 1485 ,
126 1434 185 1517 τὴν
201 1434 467 1520 σκυθρωποτάτην
487 1439 550 1498 τῶν
563 1435 785 1520 θεσμοφορίων
803 1431 921 1522 ἡμέραν
936 1433 1065 1522 ἄγουσαι
1081 1425 1167 1524 tropo

125 1543 165 1624 τῇ
186 1541 253 1621 θεῷ
274 1536 472 1618 νηστεύουσιν
494 1535 527 1600 αἲ
547 1543 697 1620 γυναῖκες.

212 1638 276 1702 His
299 1639 405 1707 missio
429 1639 494 1702 iam
518 1637 736 1724 quaerendum
763 1648 828 1717 est,
854 1650 1009 1724 quantum
1032 1640 1069 1704 in
1088 1637 1166 1703 reli·

127 1744 199 1828 quis
222 1742 421 1805 auctoritatis
451 1752 547 1827 atque
576 1737 655 1805 fidei
680 1739 854 1806 Plutarcho
881 1727 1085 1807 'tribuendum
1112 1743 1166 1806 sit.

127 1841 222 1919 Quod
245 1844 273 1906 si
294 1842 412 1926 pendet
433 1863 453 1906 a
473 1843 610 1907 fontium
633 1863 679 1907 ex
701 1842 817 1930 quibus
836 1842 943 1908 haurit
963 1845 1165 1926 auctoritate,

125 1946 213 2010 haud
245 1966 360 2031 parurn
391 1943 472 2009 illud
509 1966 580 2009 esse
611 1947 716 2032 quivis
749 1948 953 2012 concesserit.
1016 1944 1166 2034 Namque
1202 1952 1206 1971 ¹

124 2053 248 2134 optimo
271 2069 398 2134 quoque
423 2049 579 2133 scriptore
606 2068 684 2112 usus
711 2061 761 2112 est
786 2047 949 2113 advitam
970 2047 1165 2114 Demosthe-

123 2155 173 2216 nis
195 2151 458 2235 componendam.
501 2148 564 2214 His
584 2172 683 2235 supra
699 2152 765 2215 iam
787 2151 975 2237 singulatim
995 2152 1164 2218 recensitis

123 2254 176 2319 hic
196 2255 279 2319 addo
301 2267 464 2335 oratores,
494 2251 747 2319 Demosthenem
773 2257 879 2340 ipsum
908 2266 1006 2340 atque
1028 2253 1164 2331 Aeschi-

122 2379 208 2422 nem.
246 2354 440 2444 Quanquam
461 2357 547 2418 enim
566 2356 657 2419 -id
678 2355 763 2442 quod
781 2369 981 2441 praetexunt
1004 2358 1059 2441 qui
1082 2355 1165 2419 hanc

123 2459 297 2524 Plutarcho
325 2458 454 2523 laudem
481 2459 604 2543 eripere
626 2458 821 2520 student-
845 2478 928 2543 quae
955 2456 989 2520 hi
1011 2458 1165 2551 dixerant

100 2553 102 2559 ¹
125 2562 166 2627 ab
190 2562 261 2627 aliis
289 2584 414 2649 quoque
443 2563 582 2626 vitarum
614 2559 824 2647 scriptoribus
855 2561 993 2645 repetita
1019 2561 1165 2645 accipere

123 2669 246 2752 potuit,
274 2667 361 2752 ipsas
383 2678 490 2728 tamen
514 2665 679 2727 orationes
703 2662 744 2726 ab
772 2684 810 2727 eo
831 2665 979 2748 cognitas
1000 2652 1164 2748 lectasque

123 2790 195 2833 esse
224 2789 290 2832 non
312 2780 360 2830 est
382 2767 467 2854 quod
488 2764 681 2848 infitiamur,
710 2768 809 2829 immo
834 2764 1003 2828 admodum
1027 2767 1097 2851 veri
1119 2765 1164 2828 si·

102 2866 1163 2955 mfflmfflmmmmwmmmmmmffiaeffl·

122 2973 340 3039 mosthenicae
366 2973 511 3058 scriptori
536 2972 637 3036 luisse
660 2971 843 3054 adeundos,
871 2991 973 3056 eaque
995 2990 1162 3057 compares

123 3098 208 3164 quae
228 3073 418 3138 Plutarchus
442 3096 486 3138 ex
508 3076 555 3138 eis
579 3077 589 3138 i
615 3076 659 3138 sis
679 3076 839 3140 interdum
863 3073 972 3139 verbis
997 3086 1161 3138 oratorum

123 3097 1161 3264 dmmmlfflmwoesswchmwwflmmm

122 3275 1157 3367 ahAmmLpSMmqfflMwmmpfflbbffi

120 3385 240 3450 ibidem
263 3403 345 3470 quae
368 3382 529 3446 demetra
549 3381 790 3463 Demosthenis,
810 3404 856 3447 ex
875 3379 993 3446 Aesch.
1013 3399 1059 3445 or.
1083 3378 1159 3442 adv.

120 3482 1160 3574 &mmddssmqwmmpmefflmmspfflvw

120 3580 1223 3672 ffiufflmmMmMffifflffiwmmffiw·

121 3692 183 3757 stc.
201 3692 297 3758 XVI.
316 3696 368 3757 85.
387 3689 496 3772 habet,
520 3711 705 3777 quanquam
722 3689 769 3753 ibi
790 3676 988 3774 temporibus
1006 3687 1159 3751 diversis·
1275 3694 1278 3701 '

119 3783 210 3859 simis
237 3797 371 3881 turpiter
390 3793 552 3867 'confusis3
581 3813 663 3878 quae
684 3813 753 3876 cap.
779 3796 830 3855 12.
851 3792 921 3855 init.
945 3790 985 3853 do
1013 3802 1158 3874 tempore

120 3918 184 3985 quo
207 3895 444 3961 Demosthenes
466 3896 506 3960 ad
529 3893 758 3980 rempublicam
784 3894 965 3972 accesserit,
992 3912 1037 3955 ex
1059 3891 1156 3956 Dem.

119 4022 168 4066 or.
191 3999 223 4066 d.
245 4020 312 4064 cor.
335 4021 368 4086 p.
385 4003 460 4063 230.
485 4001 514 4077 ξ.
532 4003 584 4075 18,
608 4017 690 4084 quae
710 3995 830 4062 ibidem
856 3995 895 4059 de
918 4006 1026 4058 aetate
1049 3998 1181 4058 orato·‘

116 4106 174 4183 ris,
198 4122 239 4168 ex
263 4104 333 4168 eins
353 4124 402 4171 or.
424 4103 497 4167 adv.
513 4100 595 4167 Mid.
617 4123 651 4189 p.
671 4104 744 4167 bot.
767 4104 797 4182 ᾖ.
819 4103 889 4183 rot,
913 4119 995 4186 quae
1018 4118 1089 4184 cap.
1105 4103 1156 4161 tt.
