2572 4590
169 209 213 273 58

169 376 255 442 absit
277 374 428 443 voluntas
455 397 521 440 non
544 376 694 441 credendi
717 378 801 464 quod
827 379 959 444 eradere
986 380 1073 447 haud
1096 379 1212 448 absur·
1239 356 1250 373 ⁸

167 481 244 545 dum
266 492 316 544 ast
345 500 382 543 aa
404 479 594 543 defendendi
623 479 708 567 quod
736 479 876 545 abiiaere
904 479 991 569 haud
1016 486 1209 570 ignominio-

166 603 248 648 sum.
281 581 354 679 alt,
377 584 501 667 inquiet
523 581 654 667 aliquis,
680 595 716 645 tu
737 585 808 668 ipse
830 582 900 647 falli
921 598 1017 670 atque
1039 591 1212 685 veritatem

165 706 226 772 pro
248 705 373 765 errore,
403 685 629 747 conscientiam
651 688 719 747 veri
748 706 807 770 pro
828 706 930 770 prava
957 685 1130 754 tenacitate
1151 691 1211 754 ba·

151 789 244 854 ,bere
264 800 368 874 potes.
422 785 572 851 Concedo
593 786 745 872 ‚nihilque
771 803 878 852 tama
906 810 959 854 ma
987 790 1128 856 alienum
1151 793 1209 856 ha·

166 891 239 970 beo,
261 911 356 978 quam
376 902 413 953 ut
432 890 558 953 credam
575 893 609 953 in
630 911 771 954 errorem
791 911 842 954 me
857 892 1000 956 incidere
1022 917 1087 959 nou
1100 917 1207 981 posse,

164 996 263 1060 immo
290 991 448 1067 confiteor
469 1014 522 1056 me
548 1012 779 1079 nonuunquam
809 996 843 1057 in
866 995 998 1060 edendis
1026 998 1104 1061 olim
1131 1000 1208 1062 vitis

89 1104 96 1116 “
162 1098 228 1177 illia
250 1097 364 1161 decem
382 1110 545 1159 oratorum
568 1099 743 1160 asveritate
766 1095 950 1172 aberrasse3
972 1121 1085 1164 verum
1102 1104 1207 1187 ipsam

163 1214 272 1266 tamon
293 1218 390 1285 quam
411 1198 451 1261 de
474 1219 584 1263 aarum
607 1211 738 1260 auctore
759 1203 913 1284 proposui
935 1206 1127 1266 sententiam
1147 1207 1205 1266 mi·

162 1307 249 1370 nime
270 1302 442 1365 refutatam
465 1320 537 1362 esse
562 1300 722 1362 existimo.
772 1298 880 1375 Quam
901 1324 970 1367 rem
994 1326 1066 1368 oum
1086 1309 1205 1371 iterum

161 1427 249 1473 nune
270 1416 445 1468 retractare
467 1402 675 1486 propositum¹
690 1403 750 1478 sit,
774 1406 960 1470 amicissimi
983 1403 1127 1492 Souppio'
1147 1430 1204 1471 au-

161 1522 240 1590 tem,
266 1509 320 1593 qui
341 1508 427 1569 vitas
447 1504 558 1568 decom
578 1516 742 1567 oratorum
765 1504 938 1571 Plutarcho
962 1502 996 1571 se
1019 1523 1204 1594 erepturum

161 1633 233 1678 esse
254 1609 421 1695 promisit,
451 1620 642 1692 argumenta
664 1606 804 1671 nondum
826 1611 859 1672 in
877 1607 990 1689 ,lucen
1012 1615 1202 1697 prodierint,

160 1713 242 1781 nihil
265 1717 331 1776 iam
353 1711 433 1775 mihi
454 1708 612 1795 reliquum
634 1709 753 1773 facturn
783 1723 834 1774 est
861 1733 956 1797 quam
978 1729 1015 1777 ut
1036 1717 1202 1801 repudium

57 1830 66 1845 '
160 1839 244 1906 quae
273 1829 387 1880 contra
414 1834 466 1876 me
489 1811 598 1876 attulit
622 1809 789 1875 Francos
811 1811 855 1876 V.
878 1813 927 1879 Cl.
950 1817 1041 1900 1¹⁶),
1073 1823 1128 1903 qui
1151 1841 1202 1883 ms

161 1921 202 1986 ad
222 1921 338 1982 incitas
359 1915 456 2000 plane
476 1916 640 2000 redegisse
662 1915 758 2000 idque
782 1919 918 1981 evicisse
939 1918 1002 1984 sibi
1025 1923 1115 1986 visos
1140 1937 1201 2006 est,
1255 2004 1258 2009 Ι

159 2036 198 2088 ut
211 2025 301 2087 vitae
323 2020 432 2082 decem
456 2029 620 2081 oratorum
635 2017 738 2082 adbuc
758 2019 873 2084 iisdem
897 2022 1013 2107 quibus
1028 2038 1125 2089 antea
1143 2048 1202 2112 op·

159 2119 454 2212 pressae-tenebris
475 2122 627 2182 iacerent.

244 2226 293 2315 Ac
317 2226 456 2310 primum
479 2221 606 2307 quidem
634 2219 749 2285 callide
776 2221 833 2286 ille
856 2227 960 2311 magis
988 2246 1084 2313 quam
1113 2243 1200 2296 reate

123 2399 132 2415 ‚
159 2345 256 2419 atque
282 2330 367 2392 iusto
388 2324 516 2389 silentio
540 2323 637 2409 plana
666 2328 782 2389 transit
803 2327 836 2389 id
865 2329 949 2413 quod
971 2334 1108 2396 maximi
1130 2355 1200 2399 mo·

114 2448 118 2455 '
157 2436 332 2502 mentiost
361 2442 395 2494 et
423 2451 443 2493 a
471 2449 534 2514 quo
556 2427 712 2508 debebat,
743 2432 790 2492 uti
817 2452 878 2516 ego
907 2454 1033 2518 quoque
1060 2438 1198 2521 institui,

159 2524 323 2615 exordiri,
355 2533 439 2617 quod
462 2551 526 2594 nou
549 2529 654 2593 solum
671 2532 715 2594 ‘iu
736 2532 910 2618 Lampriae
932 2536 1079 2623 catalogo
1100 2539 1200 2605 libro-

155 2659 229 2706 rum
257 2633 521 2701 Plutarcheorum
553 2638 641 2698 vitae
672 2636 781 2699 decern
809 2650 971 2723 oratorum
999 2660 1198 2728 comparent,

99 2762 104 2767 ·
155 2741 390 2810 verumetiam
419 2739 453 2801 in
481 2736 572 2801 libris
600 2759 696 2802 mauu
720 2742 845 2826 scriptis
867 2742 1014 2807 omnibus
1035 2745 1199 2814 Plutarchi

155 2847 286 2912 nomine
306 2841 579 2905 circumferuntur.
626 2841 700 2905 Hoc
722 2845 777 2928 qui
802 2848 922 2921 nescit,
953 2848 1085 2912 miretur
1104 2872 1195 2932 sana,

156 2951 212 3037 qui
242 2947 345 3032 possit
368 2941 462 3006 alioui
487 2945 520 3006 iu
547 2956 687 3007 mantem
716 2938 844 3027 venire',
877 2946 1084 3014 Plutarchum
1111 2953 1198 3021 illius

155 3051 232 3118 lihri
253 3061 415 3112 auctorem
439 3066 527 3125 esse3
548 3058 660 3110 contra
680 3049 734 3132 qui
760 3047 820 3113 boo
840 3061 936 3133 tacet,
960 3066 1015 3116 aut
1037 3053 1119 3121 alios
1141 3080 1198 3122 ne·

157 3157 238 3220 scire
260 3150 341 3231 vult,
362 3152 470 3234 itaque
486 3147 628 3234 maligue
650 3152 730 3234 agit,
745 3164 801 3215 aut
820 3151 892 3215 love
914 3153 1013 3219 habet
1029 3179 1089 3223 nec
1111 3163 1197 3247 quod
1273 3190 1275 3195 ·

155 3258 314 3322 refutetur
337 3254 487 3337 dignum,
509 3254 619 3338 itaque
641 3251 726 3317 male
747 3257 825 3341 agit.
868 3254 939 3320 lam
964 3259 1069 3342 diceS,
1097 3255 1207 3327 Lam-'

111 3364 116 3381 '
153 3365 258 3449 priam
285 3357 497 3442 librariosque
526 3359 684 3421 erravisse
712 3374 826 3444 sponte
849 3382 1021 3448 apparere,
1058 3364 1113 3430 uhi
1138 3367 1194 3431 de-

155 3475 368 3529 monstratum
392 3460 501 3540 fuerit,
524 3457 731 3524 Plutarchum
753 3460 827 3526 libri
849 3478 1014 3528 auctorem
1037 3488 1194 3535 essenon

154 3586 261 3652 posse.
314 3561 408 3638 Quod
432 3575 468 3625 ut
489 3583 573 3626 nuno
595 3564 785 3641 concedam,
808 3579 916 3631 tamen
938 3567 979 3631 ab
1001 3590 1040 3633 eo
1063 3574 1117 3655 qui
1140 3573 1194 3637 dc

153 3682 348 3733 monstrasse
371 3663 430 3727 sibi
453 3641 588 3746 videtur,
611 3664 818 3731 Plutarchum
839 3669 912 3736 libri
935 3676 1099 3736 auctorem
1122 3697 1194 3741 esso

154 3793 219 3836 non
242 3789 354 3854 posse,
377 3769 496 3851 optimo
517 3769 588 3830 iuro
606 3767 825 3852 postulamus,
854 3787 890 3836 ut
910 3775 1041 3839 iamiam
1062 3779 1194 3846 demon·

165 3922 364 3938 μ

165 4016 171 4027 ’
225 4003 287 4071 llo)
310 4008 340 4054 ln
363 4018 473 4053 censura
492 4006 532 4055 ad.
551 4011 668 4069 nostrae,
687 4025 752 4070 quae
769 4011 867 4063 inserts
886 4021 926 4064 est
944 4019 1031 4067 annii
1052 4025 1078 4069 et
1097 4021 1194 4069 Kiottii

155 4095 249 4145 Amal.
264 4107 289 4144 ι.
309 4089 385 4145 1834.
408 4092 468 4142 xit.
484 4090 512 4142 Ι.
529 4104 555 4152 p.
571 4093 733 4148 rra-234.
