2572 4590
614 357 715 419 olymp.
733 352 824 418 ‘Pon
842 350 924 415 lreeo
937 347 1114 434 Olynthios
1128 369 1189 434 eg-
1224 400 1232 449 ι

746 456 905 542 grerlitur¹
921 453 998 518 inde
1012 454 1141 517 auraria
1153 454 1189 516 in

747 555 940 636 Thessalia,
966 557 1094 641 ergenti
1118 575 1189 619 me-

748 660 827 726 telle
847 663 881 723 in
892 656 1033 724 Threcia
1053 668 1192 742 ooouput

748 777 781 829 et
797 763 966 850 piraticam
985 783 1111 847 quoque
1128 780 1193 825 ox·

750 887 859 932 ornere
874 866 1025 936 instituit.

153 990 322 1078 Philippus
342 989 487 1055 'l'hreoes
505 982 593 1050 rubi·
610 993 726 1066 noun.
750 986 881 1053 Fratres
902 983 965 1047 duo
976 1000 1071 1066 reges
1085 976 1193 1043 Thre-

153 1098 211 1184 git‚
236 1098 287 1157 71⁸.
752 1091 821 1155 eiee
849 1100 1003 1172 tanquam
1033 1082 1193 1163 ‹lieoepte-

723 1192 876 1263 ¹tionum
918 1188 1022 1261 iudex¹
1058 1196 1195 1251 voootur

752 1314 855 1380 regno
877 1289 1004 1378 spoliet.

753 1410 841 1476 Dum
870 1409 951 1475 heeo
973 1417 1124 1492 aguntum·
1145 1402 1193 1469 lo·

753 1515 822 1600 goti
850 1499 1099 1589 Atheniensium
1134 1529 1192 1592 pe·

753 1627 859 1679 tentes
871 1634 985 1700 paoem
995 1611 1036 1677 ed
1047 1630 1121 1675 eum
1130 1630 1198 1675 ve«

752 1717 855 1797 olunt,
876 1717 910 1780 4.
1163 1705 1168 1723 '

241 1974 333 2039 Heeo
349 1968 509 2035 sufficiunt
532 1970 573 2035 ed
594 1968 896 2055 demonstrandum,
922 1984 1076 2059 quantum
1097 1969 1196 2033 ‹lietet

158 2101 177 2143 e
200 2074 346 2141 Diodoro
365 2073 508 2138 lustinus
538 2094 698 2161 quemque
724 2097 838 2162 perum
864 2072 942 2139 fidei
969 2074 1045 2137 huie
1070 2071 1194 2137 heben-

156 2182 231 2245 dum
254 2180 311 2252 eit3
343 2177 461 2262 quippe
484 2197 549 2240 non
571 2177 675 2244 solum
697 2200 750 2244 ree
775 2179 864 2264 ipses
886 2178 1065 2242 miserrime
1088 2177 1194 2240 eonci-

155 2284 257 2346 ditet
280 2282 315 2344 in
335 2277 415 2344 nihil
435 2298 519 2362 pene
548 2280 720 2357 contrahit,
741 2301 854 2345 verum
882 2281 979 2345 etiern
1001 2280 1116 2342 seriem
1140 2297 1195 2340 ee·

154 2406 228 2450 rum
250 2396 346 2469 etque
366 2382 510 2447 ordinem
530 2381 664 2447 mirifice
692 2379 873 2450 conturbet.
915 2383 960 2447 Et
982 2380 1044 2445 hoc
1065 2378 1194 2467 quidem

155 2489 204 2552 ite
223 2471 443 2570 oomperetum
462 2496 522 2561 eet,
544 2496 662 2549 utnon
684 2483 790 2549 solum
811 2485 1025 2572 epitomatori,
1045 2481 1121 2546 lioet
1141 2504 1194 2545 ee·

155 2591 198 2654 tie
214 2590 326 2673 inepto
349 2587 429 2671 (qui,
449 2598 487 2649 ut
511 2586 559 2650 eit
576 2587 613 2651 iu
631 2587 842 2672 praelatione,
864 2600 989 2653 tentum
1010 2586 1196 2671 cognitione

155 2710 310 2779 quaeque
322 2688 511 2774 liguireime
536 2694 701 2776 extorpsit
728 2703 761 2755 et
782 2692 910 2757 omirsir
936 2690 1004 2772 irie,
1031 2710 1114 2776 quae
1134 2709 1195 2752 neo

155 2791 372 2881 ooguoeoendi
390 2789 559 2877 voluptate
580 2793 720 2861 iuouuele
746 2816 809 2859 nee
829 2792 983 2879 exemplo
1007 2804 1117 2857 esseut
1136 2813 1194 2855 ne·

155 2896 307 2976 eeneiie,
328 2892 429 2960 breve
449 2890 553 2958 veluti
570 2891 686 2960 florum
707 2896 930 2983 corpusculum
951 2893 1053 2981 feeit),
1077 2892 1194 2958 ‹lebeu-

155 3010 225 3081 tur,
253 3016 367 3063 verum
400 2995 464 3081 ipei
492 3015 620 3082 quoque
649 2995 760 3084 'l'rogo
792 2996 946 3085 Pompeio
973 2997 1194 3084 imputandum

156 3122 229 3168 erre
249 3100 419 3176 vitientur,
447 3120 543 3186 quom
565 3111 622 3164 aut
642 3113 679 3165 ut
700 3101 880 3167 Romanurn
904 3101 1030 3167 Graece
1050 3122 1117 3165 non
1140 3121 1192 3165 ee·

154 3207 198 3270 tie
217 3203 420 3269 intellexisse
442 3215 516 3284 eut,
546 3203 631 3290 quotl
651 3207 785 3291 propius
806 3227 827 3271 e
847 3207 986 3271 veritate
1006 3201 1115 3286 ebeet,
1143 3204 1193 3267 rei

153 3309 264 3394 magni
285 3307 385 3372 enimi
405 3305 438 3370 et
461 3308 605 3391 corporis
631 3307 787 3393 imperem
808 3308 862 3374 hio
880 3306 947 3372 illio
966 3327 1025 3394 per
1049 3327 1192 3371 errorem

154 3408 282 3497 lapsum
311 3430 384 3476 erre
410 3423 548 3497 oportet.
598 3408 794 3485 InGreeoir
816 3414 902 3479 enim
927 3411 1108 3485 historicis,
1137 3411 1194 3494 qui

44 3504 51 3529 ²
83 3541 86 3548 ·
155 3533 239 3599 quee
265 3514 352 3579 inter
375 3533 412 3578 ee
438 3513 599 3600 gregatim
628 3517 824 3601 occuparent
845 3514 1034 3600 Pompeius,
1063 3510 1192 3576 omissis

154 3638 238 3703 queo
257 3619 328 3683 eine
346 3617 454 3683 [ruotu
473 3631 592 3701 errent,
611 3622 721 3685 omnin
741 3621 847 3686 divise
867 3615 1065 3704 temporibus
1087 3627 1119 3678 et
1139 3636 1192 3679 se-

150 3720 201 3783 rie
228 3741 337 3786 rerum
364 3732 529 3806 geeternnr
557 3723 754 3807 composuit,
783 3723 863 3787 vitiu
895 3740 981 3785 eum·
995 3718 1190 3805 repperisse,

45 3806 50 3829 '
117 3904 121 3917 Ι
149 3819 245 3907 qurle
267 3834 317 3887 ert
336 3833 464 3907 tempus
481 3820 559 3887 belli
575 3821 753 3907 Olynthio,
774 3845 839 3889 non
862 3834 912 3888 est
929 3835 1189 3888 consentaneum.

150 3923 216 3997 Sed
237 3923 395 4012 queerlum
419 3938 527 3989 tomen
555 3938 631 3990 runt
651 3946 735 4013 queo
760 3946 827 3993 non
850 3939 915 3992 tem
943 3948 1002 4013 pro
1023 3927 1112 3991 vitiir
1132 3923 1190 3988 ho-

83 4107 89 4117 ,
150 4023 267 4112 hendo,
288 4049 385 4117 quem
404 4048 446 4094 ex
466 4026 654 4096 direrriteto
673 4028 811 4097 tontum
831 4028 1030 4118 explioeude
1050 4050 1122 4098 eree
1139 4026 1188 4091 vi·
