2572 4590
993 294 997 299 .
1127 244 1173 307 81

112 399 410 486 ‘achalm-nebulis
422 402 639 474 condomare..
664 401 1088 491 Noa'trmenuogavcrim,
1108 408 1176 478 hoc

122 507 157 573 in
174 510 338 590 encomio,
355 508 509 574 detractis
527 511 576 577 cis
592 509 736 596 quaead
754 511 977 579 inventionem
994 514 1167 596 pertinent,

123 609 552 698 multeiasmpraeclara,
565 615 747 679 dictionem
768 612 855 679 band
878 612 1064 701 vulgarem,
1084 618 1167 682 rivi·

123 713 445 794 darm-concinnam,
471 715 650 779 sarmatius
670 715 812 799 grandes
832 736 1040 796 retroversa,
1060 716 1110 781 sal
1132 730 1166 784 et

122 814 267 901 leporem
293 831 327 881 et
348 818 735 905 facetiaspolitissimas,
766 819 923 907 quaedam
948 842 1027 886 vere
1046 821 1166 904 Lucia-
1247 856 1255 877 ι.

123 919 197 1000 red,
208 986 209 991 ,
222 921 270 983 its
282 933 325 983 ut
342 934 521 1000 'auctorem-
540 923 684 1008 quisquis
700 921 811 1002 fuerit,
832 920 957 989 subacti
972 925 1095 1008 ingenii
1115 926 1166 988 vi·'

105 1042 194 1097 ἰιιιιι
222 1023 293 1086 iure
316 1022 430 1098 dicati
462 1038 548 1088 certa
577 1022 629 1087 hic
653 1020 783 1089 libellus
809 1047 830 1088 a
856 1024 994 1111 reliquis
1014 1024 1164 1110 omnibus

120 1122 289 1189 rhetorum
316 1129 510 1191 commentis
542 1139 667 1191 tantum
700 1139 769 1198 toto
798 1125 929 1210 habitu,
962 1129 1161 1207 inventione,

102 1230 361 1312 emporiticae.
381 1231 560 1314 discrepat,
594 1226 892 1314 utaeintelligamna‚
927 1251 993 1297 non
1017 1228 1164 1316 exempli
1219 1230 1222 1236 ’

79 1400 82 1407 ,
120 1349 237 1395 caussa
262 1353 337 1396 eum
360 1353 380 1394 e
401 1331 476 1395 ludi·
490 1334 643 1416 magistro
666 1328 830 1416 discipulis
851 1336 1053 1418 propositum
1077 1354 1161 1416 estc,

48 1436 53 1442 ’
108 1433 300 1497 ,uniusmodi
319 1447 371 1497 est
390 1433 509 1498 sterilis
524 1433 655 1499 Libanii
677 1433 819 1499 eiusdem
841 1438 1161 1520 argumentitracta·
1229 1440 1242 1451 '

112 1536 185 1617 tio,
214 1535 271 1599 sed
294 1540 453 1622 scriptura*
468 1559 488 1600 a
509 1538 580 1600 viro
603 1537 728 1629 epadito
749 1536 791 1600 ad
813 1536 1065 1624 exprimendam·
1081 1561 1161 1625 quo·

118 1637 289 1703 riamodo
310 1641 428 1703 summi
449 1642 587 1704 oratoris
609 1638 865 1719 admirationem.
909 1673 925 1697 v.
1029 1672 1035 1686 =
1061 1680 1065 1691 ·

204 1738 297 1817 Quae
314 1763 400 1806 ‚cum-
421 1744 470 1807 ita
493 1744 580 1821 sint,
612 1754 766 1826 apparat,-
799 1744 902 1807 vitam
930 1740 1161 1807 Demosthenis

118 1840 272 1923 scribenti
302 1844 344 1909 ab
372 1844 423 1908 his
454 1841 663 1928 scriptoribus
694 1841 792 1929 plane
821 1842 1059 1908 abstinendum}
1074 1864 1159 1927 erse,

46 1930 58 1952 ‘
86 1980 87 1984 =
116 1966 184 2011 non
206 1950 299 2033 quasi
323 1950 430 2016 omnia
457 1968 540 2034 quae
568 1945 691 2036 habent
711 1949 865 2012 'ementiti
886 1948 981 2028 sint,.
995 1946 1161 2032 -aadbuia

118 2049 403 2115 vamumffalsis
422 2052 469 2114 ita
484 2050 709 2134 confuderunt,
726 2063 820 2117 ntea
839 2051 987 2135 dignosci
998 2070 1067 2133 nou
1084 2042 1160 2134 pos·

118 2152 184 2216 sint
206 2154 268 2218 nisi
297 2151 338 2216 ab
368 2139 413 2219 eo
430 2155 485 2238 qui
505 2155 775 2231 iamaccuretam
800 2152 944 2217 eiusdem
971 2136 1027 2222 rei!
1046 2153 1160 2236 cogni·
1271 2209 1272 2212 ,

117 2259 239 2341 donem
268 2254 396 2319 aliunde
419 2256 545 2320 afferat.
596 2255 817 2340 ltaqueveris
842 2254 886 2323 ad
907 2253 992 2318 falsa
1011 2274 1183 2339 compro·¹

117 2357 225 2425 banda
255 2356 424 2421 abutentes
457 2378 516 2440 pro
554 2355 696 2430 lontibus
729 2354 893 2425 historiae·
919 2353 1035 2421 lraheri
1067 2352 1158 2424 nullo

41 2511 42 2514 ,
117 2462 213 2526 mado
228 2473 376 2546 possunt.
419 2455 507 2534 Quin
524 2458 611 2522 haud
632 2477 716 2520 rane
733 2457 832 2523 etiam
853 2457 994 2540 suspicio
1013 2468 1072 2534 est,
1091 2457 1158 2521 iam

118 2565 320 2661 antiquitnsj
346 2583 389 2625 ex
410 2583 475 2647 quo
496 2561 557 2625 hoc
580 2573 806 2647 argumentum
828 2561 861 2624 in
883 2557 1002 2623 scholis
1027 2561 1159 2625 tractari

117 2679 270 2750 coeptum
291 2676 358 2746 est,
385 2663 543 2749 quaedam
562 2664 638 2727 inde
653 2660 743 2747 ¹falsa
763 2663 797 2724 in
815 2660 987 2733 historiam
1010 2659 1103 2726 illata
1124 2673 1159 2726 et

115 2768 159 2833 ab
181 2767 253 2832 aliis
271 2765 357 2832 bona
378 2764 444 2830 fide
466 2769 603 2852 repetite
625 2779 720 2850 atque
743 2778 925 2849 propagata
946 2786 1037 2853 asse..
1084 2761 1158 2840 Quo

116 2871 204 2937 haud
233 2874 298 2936 scio
326 2892 367 2935 an
390 2871 594 2934 referendum
622 2872 665 2933 sit
695 2866 778 2955 quod
806 2866 997 2933 Plutarchus
1026 2869 1061 2932 in
1082 2870 1156 2933 vitt.
1274 2943 1277 2947 p

117 2970 187 3040 dec.
201 2988 298 3037 oratt.
312 2997 346 3059 p.
359 2976 433 3038 845.
448 2973 487 3037 Ε.
510 2973 549 3062 de
569 2973 648 3057 iuga
670 2970 840 3037 Aeschinis
858 2972 1037 3054 adnotavit,
1056 2970 1158 3056 qnod·

117 3098 180 3166 que
198 3076 284 3139 idem
305 3078 340 3139 in
363 3077 421 3139 vit.
443 3076 520 3138 mai.
546 3096 574 3139 c.
597 3079 651 3137 20.
672 3073 773 3138 relert
799 3074 840 3138 de
866 3072 1012 3158 epistolis
1033 3072 1157 3138 Demo*

116 3178 239 3245 athenis
260 3190 510 3263 praetorumque
532 3170 625 3240 Darii
645 3163 827 3242 »talionibus
848 3173 1003 3240 Sardibus
1026 3174 1067 3238 ab
1079 3173 1158 3240 Ale·
1204 3191 1212 3208 *
1241 3225 1278 3249 ι

115 3267 424 3367 xandrorcpertis,
439 3281 502 3344 '‘ex
531 3279 646 3367 quibus
674 3273 829 3367 quantum
853 3279 1013 3365 ¹'pecuniae
1034 3275 1157 3343 Demo·
1219 3361 1221 3367 Α

79 3459 80 3463 ¹
116 3387 247 3471 sthenes
268 3407 289 3450 a
309 3384 411 3450 Dario
434 3366 607 3469 accepisset
627 3396 808 3470 appareret.
853 3378 1022 3457 Quacum
1044 3399 1156 3443 narra-

116 3494 203 3556 tione
224 3491 253 3554 ri
274 3508 444 3572 comparas
463 3508 545 3572 qaae
566 3485 664 3552 habet
686 3487 825 3553 Peucen.
848 3481 894 3549 11.
915 3487 1021 3567 3323.
1044 3503 1094 3569 sq.
1116 3480 1158 3546 de

50 3655 53 3660 ,
116 3593 220 3657 indice
245 3591 454 3677 pecuniarum
482 3588 737 3675 Harpalicarum.
758 3608 778 3649 a
800 3582 985 3651 Philoxeno
1011 3584 1159 3670 Athenas

117 3697 232 3775 misso,
254 3696 322 3758 rix·
337 3690 499 3757 dubitabis
521 3705 692 3775 utrumque
711 3689 880 3751 inventum
902 3700 997 3774 atque
1019 3684 1157 3751 alterum

119 3792 252 3858 alterius
275 3774 389 3859 caussa
411 3795 633 3880 excogitatum
656 3810 738 3870 esse,
769 3789 909 3854 fortasse
932 3811 952 3852 a
974 3786 1157 3852 rhetoribus

53 3922 56 3927 ·
120 3897 176 3984 qui
194 3884 340 3962 fictiones
362 3884 503 3981 aliorum,
520 3896 613 3981 novis
628 3891 813 3988 fictionibus
827 3892 976 3959 refellere
994 3889 1158 3971 amabant,

119 3999 258 4065 fortasse
279 3999 344 4063 iam
374 3999 499 4085 pridem
514 4070 515 4077 ἵ
530 3996 586 4089 ab·
599 3999 679 4082 ipsis
700 3997 836 4061 oratoris
858 3997 996 4060 inimicis
1023 4007 1059 4056 et
1077 3992 1155 4055 ami·

120 4102 177 4182 cis,
199 4119 336 4186 quornm
356 4117 391 4165 ut
407 4100 481 4165 illos
500 4100 637 4186 gloriam
661 4101 730 4163 eius
748 4102 861 4184 quavis
883 4091 1009 4162 macula
1028 4095 1157 4180 adsper-
