2602 4606
1144 267 1214 325 xm

163 446 280 537 etque
301 454 419 538 opere
441 436 546 514 saud
570 438 718 534 volgari
742 438 835 514 hotot
854 460 919 513 res
937 437 992 513 ad·
1008 439 1212 515 veritatem

74 596 77 605 '
120 606 133 639 '=
163 591 449 673 eooommodoto
472 605 644 668 treotots-
657 604 834 667 erasme
860 592 979 667 multo
1005 612 1108 683 noya
1129 602 1213 663 eta

162 734 331 819 ver'itste
350 766 504 844 prorsus
525 746 652 823 eliens
677 747 720 819 in
741 770 826 823 eom
851 744 987 820 inferri
1010 743 1221 818 insinuati.

161 887 238 993 qoo
268 907 483 994 potuerunt
560 896 640 973 Sed
656 908 725 970 ot.
742 897 843 996 quod
883 898 1007 971 sentio
1032 897 1212 995 ..oloquen

163 1046 354 1145 quaedam
383 1060 515 1123 tomen
538 1070 642 1124 nove
666 1060 706 1121 et
731 1047 924 1138 inaudita,
956 1047 1116 1141 aliorum
1143 1070 1212 1121 ex·

142 1199 367 1293 ²oggerotio-
388 1202 628 1298 oratoriaque
662 1202 866 1287 exornatio
896 1199 1110 1273 rhetoribus
1144 1196 1211 1273 de-

164 1349 248 1425 beri
278 1350 450 1445 videto'r3
482 1364 585 1428 certe
615 1353 666 1429 ed
693 1353 968 1429 confirmandos
1002 1373 1212 1450 propagan-

164 1502 497 1603 quoeouiusvis
518 1508 674 1601 generis
688 1507 837 1583 fabulas
861 1505 1093 1603 permultum
1123 1527 1211 1580 oon·

161 1654 339 1731 mhtont
381 1702 385 1709 ,

265 1804 349 1882 ism
378 1809 513 1902 vides,
552 1814 616 1888 vir
645 1788 896 1898 ammissione,
935 1830 1047 1907 quam
1078 1809 1229 1887 multis·-

163 1978 351 2058 quemqee
366 1982 552 2058 magnam
577 1975 724 2063 partem
747 1961 1073 2037 inextricabilibus
1100 1960 1211 2035 dubi·

164 2116 375 2191 sationibus
395 2116 489 2191 haee
510 2142 572 2192 ros
596 2120 767 2193 obnoxia
789 2119 850 2192 sit.
882 2115 962 2193 Hos
983 2139 1115 2191 omnes
1137 2114 1209 2191 hoo

130 2240 139 2255 ⁶
165 2268 209 2341 in'
227 2266 537 2345 libioextrioere
563 2281 894 2368 atque-removere
914 2291 985 2342 neo
1007 2269 1117 2366 potui
1139 2288 1209 2341 neo

164 2414 304 2497 volut
331 2420 484 2497 Seilioet
496 2444 655 2497 ⁴errores
677 2425 898 2521 isti-omnes
914 2422 978 2494 sio
997 2429 1086 2492 sunt
1109 2440 1209 2492 com-

163 2575 399 2671 pereti3²·ot·,-
433 2562 467 2650 si
489 2600 555 2651 eos
582 2599 636 2650 ex
655 2575 826 2649 {ontibus
848 2573 928 2647 suis
952 2580 1125 2668 repetere
1152 2583 1213 2644 at·

162 2725 464 2823 qoe‘emendsre
489 2730 689 2817 vellentes,-
707 2747 806 2799 onus
827 2727 985 2824 quisque
1003 2725 1116 2819 longa
1138 2746 1210 2797 ox·

88 2978 91 2983 .
162 2878 352 2977 positione
372 2878 579 2975 indigeret,
598 2882 688 2978 quin
709 2881 828 2953 immo
852 2878 937 2953 vite
958 2875 1068 2950 nobis
1088 2876 1210 2974 ipsius

110 3092 113 3099 .
163 3028 339 3113 ortto‘ris·
357 3029 629 3106 conscribenda
657 3042 769 3105 esset
831 3028 970 3100 Verum
1001 3026 1095 3100 mihi
1123 3049 1211 3124 pro-

161 3183 328 3280 positum
346 3168 428 3254 ¹fuit
452 3204 529 3255 non
552 3196 632 3258 torn
652 3205 798 3257 errores
817 3182 921 3280 ipsos
947 3178 989 3249 in
1011 3176 1209 3253 historiam

161 3333 431 3409 Demosthenis
458 3335 587 3420 illatos
616 3336 824 3421 illustrare,
856 3340 968 3426 quam
996 3328 1119 3402 fontes
1142 3354 1209 3429 po-

160 3487 236 3559 tius
254 3448 450 3579 indagem,
473 3488 606 3585 quibus
628 3486 786 3580 cognitis
807 3482 962 3555 demum
983 3477 1137 3555 futuros·
1151 3485 1209 3557 vi·

161 3646 225 3711 tae
251 3637 568 3713 Demostheniooe
599 3634 760 3733 scriptor
776 3635 910 3706 sirum
938 3642 1128 3709 sommum
1159 3634 1208 3710 ob

144 3786 245 3899 listis
268 3789 457 3862 erroribus
487 3789 723 3888 aliquatenus
746 3786 946 3859 liberatum
973 3793 1084 3880 etque
1111 3786 1208 3859 inte-

160 3926 268 4032 grum
293 3952 581 4038 repraesentare
606 3951 744 4040 posset
803 3938 934 4035 itaque
966 3935 1021 4011 sie
1045 3935 1209 4027 institui,

161 4096 205 4163 ot
236 4091 301 4191 qui
332 4089 381 4166 do
406 4090 663 4171 Demosthene
695 4089 945 4190 seripserunt,
974 4086 1127 4165 omissis
1151 4088 1208 4163 eis
