2572 4590
980 288 991 311 κ
1081 268 1161 330 =rrv

116 446 559 532 nomeneulatores·
574 445 950 520 *memmimus
978 446 1163 546 quasdem
1210 448 1214 461 '

118 612 164 685 er
178 604 342 685 earum
365 605 483 692 um,
507 598 593 676 rum
620 586 795 690 olorum,
814 578 994 699 'inprimis
1018 599 1166 693 erras,

122 756 234 836 oiim·
251 760 425 861 wiltuim
451 755 628 832 Isoorotis
643 764 773 861 etque
789 744 976 849 uyoogiss
992 752 1168 829 editioni-

121 906 391 987 tremimus
418 909 511 1004 olim
534 926 610 979 non
636 907 762 999 licuit,
794 918 906 1004 etque
927 904 974 979 H.
997 906 1168 1005 Souppii,

123 1065 166 1141 V.
186 1060 265 1154 cl,
280 1064 345 1161 qui
366 1063 412 1170 iu
432 1062 515 1138 vita
536 1050 732 1159 Lycurgei
756 1055 997 1157 emendenda
1021 1046 1169 1155 egregie
1280 1018 1283 1029 Ι

123 1225 296 1294 versatus
322 1218 377 1288 se·
391 1188 510 1286 totius
535 1212 621 1285 libri
653 1209 859 1284 editionem
883 1209 1071 1307 pollicitus
1099 1221 1170 1306 est,

60 1354 63 1361 ’
123 1358 361 1458 tumniees,
390 1363 519 1462 quales
539 1364 640 1435 iuter
670 1356 914 1456 relegendum
939 1362 1079 1458 raptim
1105 1358 1172 1436 ed·

70 1510 75 1519 “
126 1476 313 1606 nomam,
325 1538 504 1615 quosque,
521 1536 607 1589 eum
625 1516 763 1586 iterum
778 1512 915 1586 librum
932 1512 1040 1586 illum
1059 1498 1191 1594 eden-¹

105 1668 171 1743 'di
195 1667 358 1743 oeoesio'
373 1666 469 1741 mihi
499 1689 577 1739 nou
608 1662 868 1764 exspectando
897 1676 1016 1753 esset,
1047 1664 1174 1740 futuro

130 1818 290 1893 fortasse
325 1808 461 1890 editori
493 1791 709 1916 profuturos
738 1840 815 1890 uon
835 1827 929 1890 erat
952 1816 1068 1914 quod=
1087 1839 1175 1916 sup-

52 2054 60 2063 ,
130 1973 344 2071 primorem.
418 1969 590 2068 Denique
621 1962 766 2044 indices
802 1952 953 2054 addidi,
993 1964 1070 2045 nou
1096 1987 1176 2070 'quo

131 2123 203 2198 hes
224 2125 464 2220 quaestiones
481 2144 550 2219 pro
571 2123 753 2197 absolutis
778 2122 910 2196 haberi
932 2122 1084 2214 vellem,
1106 2123 1176 2197 sed

131 2286 178 2348 ut
209 2289 310 2349 esset
338 2275 440 2375 quod
472 2276 515 2347 in
550 2286 657 2348 tanta
686 2297 811 2349 rerum
852 2279 1040 2351 varietate
1073 2278 1178 2374 prius
1266 2306 1270 2311 ·

51 2480 55 2489 .
134 2449 248 2525 quam
274 2429 313 2500 iu
337 2380 620 2524 nimiumxopus
649 2422 887 2499 excresceret
910 2428 1067 2502 lectores
1088 2451 1181 2527 quo-

87 2533 95 2549 Ι
135 2578 225 2652 dam
251 2578 364 2652 modo
398 2580 624 2657 sublevaret.
678 2552 881 2653 Praetereo
906 2601 1051 2655 morem
1081 2586 1181 2678 gessi

112 2806 116 2813 ,
135 2729 367 2828 redemptori
398 2730 685 2820 honestissimo,
716 2732 780 2828 qui
803 2730 872 2805 hes
894 2744 1070 2831 quattuor
1093 2759 1181 2834 par-

136 2882 283 2972 ticules,
300 2904 349 2954 ne
371 2882 497 2956 oeulos
517 2884 825 2979 empturientium
850 2890 1114 2982 praeterirent,
1139 2889 1182 2960 in
1251 2886 1256 2896 '

136 3054 255 3108 uuum
281 3031 560 3126 coniungendas
586 3044 627 3106 et
650 3045 828 3132 tanquam
850 3035 986 3108 librum
1005 3039 1182 3134 primum,

50 3186 54 3195 “
140 3187 200 3260 eui
230 3184 325 3260 alter
355 3207 424 3259 suo
458 3198 627 3284 tempore
656 3199 759 3262 esset
787 3211 1023 3280 accessurus,
1058 3189 1184 3264 denuo

140 3335 372 3413 emittendas
398 3308 481 3413 esse
509 3341 639 3416 voluit

240 3489 328 3563 'libi
350 3514 463 3580 vero,
488 3493 547 3567 vir
573 3494 778 3583 carissime,
803 3504 846 3567 ut
870 3493 941 3566 hoe
967 3493 1186 3595 opusculum

41 3636 46 3659 ¹
143 3662 288 3713 sacrum
309 3664 404 3731 esse
437 3644 575 3718 vellem
608 3647 729 3719 eiieoit
762 3655 801 3718 et
825 3647 1038 3720 immortale
1064 3645 1188 3720 Tuum

145 3787 193 3861 de
228 3802 376 3866 oratore
408 3808 539 3869 nostro
569 3779 747 3869 meritum
780 3807 820 3884 et
849 3799 1050 3892 singularis
1083 3797 1188 3871 Tuus

145 3926 236 4034 er'ga
267 3965 328 4034 me
353 3967 480 4035 amor,
519 3968 592 4042 quo
617 3949 701 4020 'iam
731 3946 797 4020 diu
823 3960 883 4022 est
909 3940 963 4021 ex
990 3971 1063 4048 quo
1093 3971 1189 4046 quae

145 4092 255 4166 nobis
292 4097 418 4190 tristia
434 4096 665 4207 ecciderunt
697 4121 775 4206 uua
809 4102 1053 4198 pertulimus,
1091 4123 1189 4202 quae
