2572 4590
123 225 166 286 70

879 344 885 377 ν
1096 343 1097 347 ’
1197 364 1201 369 .

128 391 330 478 negligentia
359 390 504 478 profecta
533 406 605 456 ease
631 394 797 477 possunt,'
813 388 961 478 {plurima
987 400 1085 479 patet
1104 414 1176 458 nou:

129 494 224 559 nobis
249 497 368 581 scripta
395 516 484 571 esse,
519 495 587 561 eed'
605 494 668 581 ipsi
695 498 818 562 auctori
844 497 880 560 in
906 495 1050 572 futurum
1076 512 1171 562 usum
1206 485 1208 488 ’

79 576 88 599 ’
128 596 337 686 quantumvis
362 602 510 664 accurate
539 599 779 684 componenda,
815 597 1027 680 illustranda,
1062 620 1171 666 emcn-
1199 671 1202 674 ,

79 784 83 795 „
128 700 244 791 dania.
1072 756 1075 763 .

89 846 90 851 ι
209 805 325 869 Restat
344 807 383 868 'ut
403 804 546 869 dicamus
569 803 610 869 de
632 806 680 868 eis
708 826 791 891 quae
813 803 876 869 hac
901 807 936 870 in
958 806 1084 869 minore
1104 808 1174 871 vita
1192 840 1220 886 g
1242 856 1245 867 .

132 930 178 972 ex
198 910 321 972 maiore
348 910 486 994 repetita
509 921 592 973 sunt.
648 904 779 983 Quanta
811 905 893 972 haec
916 908 995 972 'ease
1019 909 1174 995 cuiusque

130 1013 260 1098 generis
283 1013 442 1076 censuerit
464 1031 578 1075 censor
598 1023 726 1091 noster,
750 1022 885 1095 apparet
907 1007 1083 1085 ex÷verhis
1104 1013 1175 1074 eiua

131 1137 229 1202 supra
250 1114 365 1181 allatis.
380 1116 436 1180 -At
449 1136 545 1180 veras
564 1116 784 1200 repetitiones,
800 1116 935 1200 quaein
955 1135 1003 1178 eo·
1013 1119 1175 1192 constant,

121 1232 168 1282 'nt
189 1220 270 1283 novi
288 1216 368 1283 nihil
390 1217 539 1298 accedat,
566 1220 777 1304 paucissimus
802 1215 850 1280 ibi
871 1219 1020 1282 inveniri
1035 1220 1176 1282 certissi-

132 1341 220 1385 mum
243 1333 320 1386 est.-
353 1319 428 1383 Huc
453 1342 473 1383 a
494 1341 627 1385 censore
649 1341 680 1404 p.
700 1323 775 1385 225.
803 1319 919 1383 referri
939 1318 1025 1406 quod
1049 1341 1080 1405 p.
1101 1322 1178 1401 ¹844.

132 1423 176 1491 D.
199 1425 240 1489 de
261 1425 386 1488 actione
406 1422 550 1490 Midiana
571 1422 708 1509 legitur,
729 1420 824 1487 facile
846 1425 968 1509 patior,
994 1443 1175 1509 quanquam
1212 1407 1224 1430 ⁹

131 1526 178 1590 ibi
207 1548 334 1614 qnoque
362 1526 506 1591 additum
534 1539 584 1592 est
611 1527 697 1613 quod
721 1524 798 1589 olim
827 1526 997 1604 omiserat,
1026 1524 1060 1612 id
1088 1526 1176 1611 quod

134 1650 233 1716 aegre
254 1651 293 1694 co
313 1650 483 1694 removeas
501 1642 537 1692 ut
558 1649 678 1707 aumas,
702 1627 878 1693 scientibus
897 1625 1072 1693 lectoribus
1084 1625 1176 1693 Pl'ut-
1209 1689 1211 1693 ,

135 1730 267 1797 archum
283 1734 467 1818 scripsisse3
489 1750 627 1818 namque
644 1733 692 1795 nti
712 1743 835 1808 nostro,
855 1733 907 1795 ita
914 1729 1081 1803 Plutarchi
1099 1726 1176 1816 quo·

135 1856 199 1922 que
228 1832 458 1921 temporei‘am
486 1832 580 1898 multi
604 1835 701 1898 'erant
727 1836 783 1919 qui
810 1855 892 1920 quae
919 1832 986 1898 litia
1013 1856 1034 1898 a
1055 1834 1178 1899 Demo·

136 1937 253 2003 sthene
273 1941 308 2003 in
325 1930 458 2004 Midian
479 1937 591 2004 illatae
610 1952 725 2003 caussa
744 1938 860 2003 fnisset
875 1921 1074 2024 ignorarent.
1106 1937 1178 2003 :lta·
1224 1953 1226 1957 ’

136 2061 199 2126 quo
219 2061 297 2109 vera
319 2042 484 2122 repetitio,
508 2043 536 2104 si
557 2039 708 2105 volumus
733 2040 773 2104 ad
791 2041 907 2104 vivum
928 2060 1091 2122 resecare,
1114 2063 1179 2105 una

25 2223 27 2226 Ι
106 2166 109 2169 ⁴
137 2154 263 2212 tantum
283 2143 378 2221 inest,
400 2163 440 2205 ea
454 2141 531 2205 -dico
554 2164 636 2229 quae
654 2141 806 2230 leguntur
827 2165 860 2228 p.
877 2141 1014 2213 aar..fl‚.
1033 2139 1126 2227 ἡνίκα
1143 2144 1179 2207 δὲ

33 2230 36 2235 ’
139 2245 291 2320 Φίλιππος
311 2231 478 2324 ἐτεθνήκει,
508 2243 650 2329 λαμπρὰν
671 2247 795 2327 ἐσθῆτα
818 2248 981 2328 προῆλθεν
1000 2233 1087 2327 ὕννιν,
1111 2247 1181 2311 καί·

137 2370 185 2412 τοι
203 2351 261 2430 ’τῆς
277 2345 436 2433 θυγατρὸς
458 2345 556 2412 αὐτοῦ
578 2349 685 2412 νεωστὶ
704 2349 961 2434 coveitrensem,
988 2343 1181 2434 ἓφηδᾷμενος

60 2459 62 2464 ’
136 2453 183 2537 τῷ
208 2453 267 2514 τοῦ
294 2445 479 2526 Μακεδόνος
501 2446 642 2536 θανάτῳ.
691 2448 755 2514 Hic
781 2449 867 2512 cuim
895 2447 985 2513 solus
1005 2447 1097 2514 locus
1119 2461 1180 2531 cst,

13 2606 45 2635 ‚x
138 2553 193 2638 qui
220 2552 254 2614 in
282 2548 413 2615 brevius
441 2562 604 2615 contracta
632 2541 796 2636 nulleque
816 2551 998 2615 accessione
1026 2551 1113 2615 facta
1141 2573 1182 2616 ea

109 2714 112 2731 ,
138 2655 282 2718 continet
304 2673 387 2739 quae
409 2638 532 2717 in‘vit.
557 2653 633 2717 mai.
657 2674 685 2718 c.
709 2658 760 2718 22.
785 2651 911 2738 prolata
938 2642 1041 2719 crant.
1073 2644 1182 2719 ¹Reli·

22 2830 24 2834 .
82 2794 85 2801 ·
137 2777 202 2843 qua
222 2755 331 2819 omnia
351 2756 502 2841 quoniam
526 2768 638 2838 aucta,
665 2754 880 2841 amplificata,
905 2768 1049 2839 mutata,
1072 2777 1184 2827 omem,

138 2859 443 2943 data'oomparent,
470 2879 529 2944 pro
550 2860 637 2924 veris
660 2857 905 2944 repetitionibus
935 2860 1001 2924 iion
1024 2871 1100 2925 sunt
1122 2858 1182 2924 ha·

138 2958 256 3043 benun,
271 2966 462 3047 'quanquam
481 2958 555 3024 fieri
576 2956 641 3026 non
663 2963 770 3047 potuit
787 2963 865 3050 quin
888 2963 928 3026 de
943 2962 1064 3028 iisdem
1084 2960 1186 3028 rebus

139 3085 246 3132 sermo
269 3076 373 3137 esset3
403 3084 478 3126 narn
501 3064 670 3149 quietior
692 3069 831 3151 augere,
867 3064 1080 3152 amplificare,
1110 3088 1184 3131 mu·
1234 3084 1239 3094 ’

117 3153 226 3251 ''tereJ
234 3155 414 3232 ¹emendare
434 3154 614 3252 potuisseti
647 3170 810 3235 Potuisset
830 3192 919 3252 sane,
941 3173 969 3236 si
989 3193 1073 3258 quae
1095 3192 1185 3235 nora

17 3292 21 3303 ’
100 3278 103 3282 ’
139 3270 276 3337 haberet
297 3273 329 3335 in
352 3260 499 3357 margine
521 3269 720 3356 exemplaris
740 3274 791 3337 sui
814 3273 1045 3358 adscripsisset.
1088 3271 1185 3355 Quod

139 3397 196 3439 our
216 3396 281 3438 non
302 3366 518 3460 faceritsquis
538 3372 643 3438 dicati
686 3373 761 3439 Non
783 3376 872 3453 fecit,
894 3379 973 3442 satis
993 3389 1053 3440 est.
1097 3374 1184 3457 Con·
1256 3412 1258 3419 ‚

140 3479 220 3543 cidit
241 3476 439 3543 collectanea
458 3481 493 3547 iu
514 3500 596 3565 qnae
618 3481 793 3544 coniiceret
816 3486 983 3546 materiem
1004 3484 1094 3546 vitae
1113 3479 1184 3545 De·

139 3579 364 3657 mosthenicae
378 3580 548 3667 aliquando
568 3584 750 3647 accuratius
771 3583 974 3663 scribendae;
996 3583 1105 3671 itaque
1127 3604 1184 3648 ue-

15 3725 26 3734 ·
140 3681 230 3747 cesse
248 3694 320 3746 erat
338 3695 375 3746 ut
394 3685 427 3748 in
449 3683 580 3755 easdem
600 3705 661 3748 res·
672 3687 789 3750 iterum
808 3687 975 3750 incideret.
1018 3686 1057 3752 Id
1077 3687 1185 3772 ipsum

142 3797 250 3850 autem
269 3805 338 3849 rem
361 3784 500 3868 conficit,
523 3789 609 3875 quod
629 3787 709 3852 nihil
728 3789 797 3853 iere
811 3811 860 3855 cx
879 3791 948 3856 vita
964 3792 1090 3856 maiore
1107 3810 1186 3855 vere

142 3889 289 3973 repetiit,
325 3908 516 3974 quanquam.
535 3893 570 3956 in
599 3913 639 3955 ea
662 3912 729 3956 non
756 3913 859 3976 pauca
886 3876 997 3957 insunt
1022 3913 1108 3978 qnae
1133 3890 1186 3957 hio

15 4034 18 4041 »
142 3991 273 4066 desunt3
306 3988 425 4054 scilicet
448 3991 482 4055 in
503 3991 554 4056 hio
583 3991 664 4057 nihil
686 3995 874 4059 mutantium
895 3992 1028 4068 habuit;
1062 4005 1188 4058 erraret
1225 3981 1240 4031 ⁹

143 4105 250 4179 autem
275 4093 329 4181 qui
356 4103 502 4180 putaret,
531 4093 613 4161 hoec
639 4115 712 4161 eum
737 4098 857 4163 intucta
877 4093 1064 4185 reliquisse,
1085 4097 1186 4184 quasi
