2572 4590
185 233 194 270 ⁸
425 211 427 215 η
763 217 764 221 ¹
1141 255 1184 318 ct

140 423 258 488 lrorum
288 435 452 490 oratorum
480 440 608 507 quoque
629 419 790 506 imagines
812 421 920 486 auimo
950 420 1188 503 informaverat

140 546 316 612 eorumque
338 527 422 590 vitas
441 525 475 587 in
495 524 683 617 universum
704 535 913 608 cognoverat.
957 522 1073 611 Itaque
1094 539 1131 590 ut
1147 529 1185 592 lu

93 700 96 711 y
141 630 190 693 'eis
214 626 430 693 describendis
450 628 506 690 via
527 646 565 688 ac
583 627 708 688 ratione
725 625 924 710 procederet,
944 629 1090 711 suspicor
1110 650 1187 694 eum

141 734 242 796 totius
273 733 414 817 primum
444 730 553 814 operis
581 748 706 791 eumuna
739 741 772 792 et
806 742 955 793 extrema
988 729 1188 796 lineamenta
1250 724 1264 747 ³

142 834 273 898 duxisse
289 847 321 897 et
333 833 577 898 fundamentum
600 826 692 917 qussi
707 852 746 895 eo
760 833 885 914 iecisse,
906 845 943 896 ut
960 835 1053 898 unius
1074 837 1186 900 cuius·

143 920 205 1023 que
228 938 364 1000 oratoris
381 939 504 1024 sitam,
536 933 641 1021 qualis
668 955 753 998 uuuc
775 935 901 1019 quidem
924 937 1032 1017 animo
1056 959 1094 1001 ac
1116 959 1188 1001 me-

141 1043 263 1103 moriae
284 1039 520 1119 obversaretur,
533 1036 852 1115 breviterexeraret,
867 1053 979 1122 postea
998 1060 1080 1124 quae
1101 1043 1206 1109 scitu,

144 1155 199 1206 aut
216 1142 358 1211 refutatu
379 1141 478 1227 digna
499 1141 695 1225 repperisset
710 1140 744 1202 ia
764 1140 910 1224 margine
927 1152 983 1203 aut
1002 1140 1062 1205 sub
1084 1131 1187 1208 finem

144 1244 331 1324 adnotasse,
355 1266 419 1332 quo
441 1244 515 1305 dato
540 1242 667 1305 otio-ad
689 1243 775 1305 vitas
789 1244 976 1306 accuratius
998 1243 1187 1309 scribendas

134 1340 203 1432 ‘suo
224 1347 362 1433 quidque
382 1345 452 1408 loco
469 1355 652 1429 reponeret,
668 1346 858 1429 corrigeret,
877 1342 1066 1410 illustraret.
1110 1348 1187 1412 Hoc

141 1451 238 1514 modo
258 1447 355 1512 facile
374 1446 583 1532 intelligitur,
614 1468 670 1511 cur
694 1447 845 1532 plurima'
861 1450 941 1511 satis
961 1447 1044 1512 bene
1065 1450 1187 1519 cohae-

140 1562 236 1616 reant
262 1563 294 1614 et
317 1549 400 1613 haud
421 1547 517 1634 plene
539 1552 649 1634 inepte
671 1549 819 1614 ordinata
841 1553 921 1633 siut,
954 1551 1110 1637 quaedam
1132 1567 1187 1617 ta-

106 1693 110 1698 ·
141 1668 217 1718 meu
237 1651 327 1715 hient
349 1665 381 1715 et
401 1653 486 1715 iuter
505 1672 542 1715 se
564 1652 761 1737 discrepent;
792 1652 913 1717 scilicet
934 1651 1124 1719 Plutarchus
1149 1659 1186 1721 ἰιι

142 1757 257 1842 primis
285 1752 379 1820 lineis
400 1754 552 1819 ducendis
581 1757 628 1838 (et
651 1755 714 1819 sibi
737 1758 876 1842 quidem,
905 1778 972 1821 nou
1003 1756 1089 1841 aliis)
1119 1779 1187 1825 non
1240 1755 1242 1763 '

143 1869 215 1920 erat
242 1856 328 1945 quod
357 1859 456 1921 anxie
481 1876 588 1923 rerum
617 1858 762 1922 ordinem
792 1871 954 1941 servaret,
991 1860 1026 1923 in
1053 1859 1187 1948 reliquis

142 1972 258 2047 postea
278 1974 375 2045 prout
395 1964 521 2025 occasio
546 1961 621 2024 data
644 1973 730 2025 esset
748 1960 902 2045 addendis
921 1959 1018 2047 plane
1040 1984 1103 2029 uou
1124 1986 1186 2050 po·

143 2065 215 2127 tuit.
259 2061 328 2127 Iam
349 2064 516 2128 videamus
537 2064 697 2151 quomodo
719 2063 782 2129 lroc
798 2066 875 2129 vitis
901 2064 1038 2152 siugulis
1058 2086 1186 2140 accom-

117 2159 268 2230 modari
287 2167 399 2251 possit.
449 2167 498 2231 Ac
524 2170 634 2247 statim
657 2169 781 2253 prima,
811 2167 1052 2253 Antiphontea,
1083 2169 1187 2236 habet

135 2267 258 2356 quibus
278 2290 299 2332 a
319 2267 451 2356 reliquis
475 2269 620 2351 differat,
642 2273 689 2334 ita
709 2283 747 2334 ut
768 2292 841 2335 eam
860 2273 1017 2357 primam,
1041 2273 1186 2339 nondum

142 2384 230 2436 certa
251 2374 449 2456 praescripta
467 2371 529 2435 sibi
552 2370 593 2435 eb
617 2384 748 2435 auctore
770 2373 843 2447 via,
867 2373 1019 2461 scriptam
1039 2393 1122 2437 esse
1138 2376 1205 2440 di·'

142 2495 212 2555 ces;
234 2475 347 2559 incipit
366 2487 477 2538 auctor
497 2496 517 2538 a
534 2487 628 2560 patre
646 2465 785 2560 quidem,
808 2458 872 2538 sed'
885 2476 993 2538 statim
1008 2479 1125 2541 transit
1145 2477 1191 2544 ad¹

141 2600 196 2643 res
226 2580 403 2659 oratorias,
441 2578 566 2663 profert
594 2578 752 2671 quaedam
780 2579 820 2642 de
850 2579 975 2665 origine
1003 2582 1185 2648 orationum

143 2678 401 2762 scribendarum,
429 2692 463 2744 et
483 2683 530 2746 ita
551 2683 680 2768 quidem
700 2696 737 2772 ut
755 2679 796 2745 ab
818 2680 973 2746 historiae
993 2687 1186 2770 scriptorum

113 2802 119 2857 ᾗ
141 2782 280 2848 lectione
297 2802 410 2848 recens
428 2803 499 2848 esee
520 2785 679 2861 videatur,
705 2796 801 2869 etque
823 2782 951 2848 subiicit
970 2787 1125 2852 nonnulla
1145 2791 1186 2855 de

142 2885 343 2971 Antiphonte
371 2899 501 2950 oratore
535 2888 653 2972 raptim
684 2899 856 2972 congesta3
893 2899 961 2952 tum
994 2893 1117 2956 accedit
1145 2893 1187 2956 ad

143 2990 213 3052 eius
235 3009 289 3052 res
309 3001 418 3074 gestas
440 3000 474 3052 et
493 2962 602 3053 leriae
623 2987 664 3052 de
689 2990 759 3053 eius
781 3002 885 3054 morte
907 2995 1109 3059 narrationes
1132 3015 1185 3057 re-

142 3102 272 3163 censet3
303 3091 376 3174 ipse
405 3110 532 3176 quoque
559 3093 812 3155 controversiam
845 3091 1014 3176 diiudicat,
1052 3097 1184 3179 erroris,

141 3194 190 3257 uti
211 3189 292 3255 alies
311 3192 408 3256 etiam
429 3189 789 3280 solet,'Theoponrpum
807 3214 1000 3280 coarguens.¹
1043 3197 1098 3261 Ex
1120 3219 1185 3284 quo

141 3295 227 3362 hauc
248 3276 349 3359 vitam
368 3296 506 3381 primam
532 3297 684 3383 scriptam
705 3319 776 3363 esse
798 3300 943 3363 veri‘est
965 3298 1183 3381 simillimum3

140 3401 176 3464 iu
204 3396 336 3486 reliquis
357 3401 442 3464 euim
465 3412 590 3465 tantum
610 3400 707 3466 modo
728 3400 846 3482 refert,
870 3421 1028 3490 nusquam
1051 3404 1185 3471 iudicat.
1272 3454 1274 3458 ,

141 3499 236 3580 Quae
260 3515 440 3589 sequuntur
460 3517 568 3569 autem
595 3492 635 3590 p.
652 3505 727 3591 833,
749 3503 789 3569 Β.
812 3505 957 3590 φέρονται
976 3504 1012 3568 δὲ
1032 3512 1097 3571 κτλ.
1117 3521 1185 3573 tam

141 3618 216 3671 sunt
237 3603 278 3672 ab
299 3627 407 3671 rerum
429 3608 542 3671 ordine
565 3605 671 3670 aliena
693 3623 725 3670 et
746 3602 952 3692 perturbate,
983 3618 1019 3671 ut
1038 3608 1113 3675 hinc
1133 3613 1184 3678 in·
1204 3621 1218 3636 ’·

144 3708 249 3791 cipere
271 3701 380 3795 putem
411 3727 451 3776 ee
476 3733 560 3798 quae
581 3723 696 3796 postea
718 3709 855 3774 diversis
884 3709 1083 3795 temporibus
1107 3736 1185 3779 auc-

143 3817 195 3868 tor
217 3807 395 3895 adscripsit.
440 3812 477 3878 lu
497 3812 773 3893 vita-Andocidis,
797 3830 893 3897 quam
916 3811 1036 3879 dudum
1057 3838 1100 3880 ex
1121 3838 1185 3904 quo

142 3906 184 3970 de
206 3905 371 3973 Alcibiade
402 3925 434 3975 et
462 3911 556 3977 Nicia
583 3916 710 4001 scripsit
734 3925 935 4000 perspectam
956 3915 1085 3997 habuit,
1116 3941 1185 3984 oru-

140 4010 196 4075 uia
218 4010 298 4074 satis
319 4010 401 4076 bene
421 4013 599 4099 procedunt
617 4038 722 4105 ¹usque
743 4016 782 4079 ad
804 4037 836 4100 p.
860 4019 934 4079 835.
951 4018 997 4092 A;
1028 4042 1111 4106 quee
1133 4044 1184 4086 se·

139 4114 282 4201 quantur
300 4113 377 4178 iude
402 4135 424 4180 e
443 4115 554 4180 verbis
579 4119 630 4182 nel
652 4117 792 4235 lencm,-
821 4115 886 4182 alio
910 4130 1057 4209 tempore
1077 4145 1184 4192 acces·

764 4243 766 4249 >
882 4230 888 4275 ι
