2572 4590
142 270 205 333 llo
486 277 492 327 ·,
884 256 1052 359 'j‘

17 450 29 489 s
137 415 232 505 σοι
206 436 354 523 ciffiwdr)
375 449 483 505 tamen
506 456 559 505 ex
573 437 741 507 Plutarchi
762 438 873 507 uerbis
895 462 960 508 non
982 448 1128 533 requitur
1150 462 1188 514 ut

137 537 303 607 deleamur
338 539 390 619 hic
418 544 614 628 genitivum,
652 566 748 631 quom
778 566 882 631 aequo
922 560 1011 613 recte
1039 555 1189 671 usurpari
1222 561 1226 566 “

137 663 234 731 poree
251 655 340 730 puto.
382 641 506 710 Nam‘
490 670 507 710 ο
528 646 578 711 dul
598 652 655 731 τῆς
672 653 734 711 τοῦ
755 646 892 728 πολέμου
911 655 1108 733 παραοιευῆς
1126 677 1188 734 χει-

138 745 352 832 ριιονηθεΓς
342 764 381 809 ιι
393 747 519 833 estqui
541 749 736 812 constitutus
758 760 808 813 ιιι
828 760 865 811 ιιι
885 751 1009 834 praesit
1013 748 1107 814 belli
1128 774 1186 839 ap-

46 912 49 929 ,
137 848 283 934 paratul,
320 858 357 911 ut
381 849 448 913 iam
475 850 604 921 ιίιςέιιὶ
617 854 675 932 τῆς
701 872 729 915 τ.
752 876 783 914 π.
812 856 1008 936 negotiatoris
1023 852 1087 937 ,(ιὶ
1112 855 1188 932 τοὺς

57 1002 63 1010 .
111 950 187 1034 (ἐπὶ
205 953 267 1015 τῶν
287 945 476 1034 πραγμάτων
502 971 557 1038 ap.
577 948 675 1016 Dent.
697 950 730 1017 d.
753 972 818 1018 cor.
836 972 870 1037 p.
892 954 969 1037 309,
991 957 1020 1033 §-
1039 953 1143 1057 ml·

188 1066 321 1134 lbid
341 1079 418 1153 port
437 1070 666 1156 τετρακοσίας
656 1089 764 1137 rnrere
786 1071 822 1136 δὲ
842 1083 915 1136 ιιιιι
935 1067 1056 1233 Corae,
1079 1071 1185 1160 Saup-

136 1171 192 1258 pio
214 1166 442 1237 etBlnmi'ol.
462 1168 488 1236 l.
479 1193 546 1258 ..p
569 1178 620 1236 18.

189 1289 323 1356 lbid.
345 1287 422 1387 πρὸς
439 1287 475 1355 di
498 1289 631 1366 τούτοις.
673 1291 835 1382 Sauppinr
863 1227 965 1357 edidit
984 1294 1063 1381 πρός
1083 1319 1167 1361 cer·

138 1395 232 1463 red
222 1417 257 1460 ιιι
279 1391 388 1460 annot.
410 1415 450 1480 p.
468 1396 522 1460 88.
544 1393 673 1461 domum
694 1394 756 1461 hoc
787 1391 874 1462 tollit
895 1399 1045 1491 mendum
1059 1399 1185 1521 editio·

53 1546 56 1551 -
138 1503 188 1567 nir
206 1496 473 1565 'l'auchnitienae

223 1589 368 1684 lbi'd'
347 1640 472 1682 απασαν
491 1617 550 1699 μὲν
572 1617 630 1701 τὴν
643 1616 750 1684 Ἀσίαν
777 1619 1063 1709 καιεπραμμέιοο,
1095 1623 1182 1706 κοινῇ

44 1770 48 1775 -
137 1723 173 1790 δὲ
192 1718 350 1807 πᾶρϊτοῖς·
363 1717 513 1801 Ἕλλησιν
533 1715 702 1815 ἐπιτᾶτιειο
723 1718 893 1798 ἀξιοῦντος.
936 1718 1057 1803 „Haec
1077 1721 1181 1786 offen·
1282 1762 1285 1775 ·

136 1827 259 1892 aionem
280 1819 403 1887 habeut
423 1818 510 1886 haud
530 1818 736 1905 mediocrem.
768 1833 836 1885 tum
857 1821 962 1905 euim,
983 1826 1081 1908 quum
1102 1821 1181 1889 Ale-

135 1920 260 1995 xander
287 1922 446 1991 ‘'oratorea'
465 1921 528 1988 eibi
555 1923 630 1988 dedi
655 1922 799 2004 iuberet,
833 1945 875 1989 ne
897 1923 1082 1991 inchoatum
1111 1929 1180 2013 qui·

15 2032 19 2043 '
135 2032 209 2098 dem
229 2030 392 2095 Persicum
412 2022 545 2091 bollum.
572 2028 683 2114 itaque
705 2030 856 2114 rnrpecta
883 2026 1082 2095 runtverbe
1100 2028 1179 2095 dno-

136 2161 261 2219 σαι-
282 2131 450 2208 ἀξιοῦντος.
479 2130 542 2193 nini
569 2129 654 2195 iort'o
682 2129 733 2194 bie
752 2129 940 2218 Lycurgum
971 2131 1011 2196 ab
1032 2130 1180 2198 Alexan·

136 2240 194 2304 dro
217 2231 458 2320 expostulatum
480 2233 622 2297 murir.“
640 2231 770 2298 „Blnm
792 2232 815 2297 Ι.
832 2232 854 2297 l.
877 2257 910 2323 p.
926 2241 976 2303 19.
1019 2233 1179 2301 Neutrum

136 2362 200 2429 ego
217 2350 340 2406 ‘rernm
369 2354 441 2400 erre
469 2347 585 2433 puto.=
616 2332 674 2431 llis
702 2335 890 2424 Lycurgum
917 2335 959 2402 nb
986 2336 1178 2404 Alexandro
1271 2380 1285 2426 ,χ

135 2438 377 2530 expostulatum
411 2458 483 2503 erse
512 2434 601 2527 nullo
630 2440 814 2504 tantimonio
843 2437 1030 2513 confirmari
1058 2453 1179 2535 potest.¹

135 2546 218 2614 Item
246 2543 411 2632 quomodo
427 2541 509 2630 haec
528 2538 631 2605 rerba
652 2542 855 2606 extrinsecus
882 2543 916 2607 iu
938 2542 1101 2608 decretum
1127 2546 1178 2609 im

8 2660 11 2665 “
135 2651 215 2717 ierri
232 2647 398 2734 potuerint
417 2664 481 2708 non
502 2641 704 2739 intelligitur.
747 2641 870 2730 ltaque,
892 2665 964 2709 cum
982 2644 1177 2711 Stratoclem

135 2751 263 2844 qnando
288 2739 473 2835 Lycurgum
498 2746 701 2814 Alexander·
716 2736 916 2834 postulasset
942 2751 1076 2815 rciviase
1107 2771 1177 2815 cer·

134 2871 204 2923 tum
226 2856 287 2932 sit,
318 2852 464 2939 requitur
489 2865 526 2916 ut
551 2852 631 2916 vitio
654 2849 762 2938 aliquo
791 2851 873 2919 haec
890 2849 993 2918 verba
1013 2851 1174 2920 laborent.

10 3025 16 3030 ,
134 2956 262 3027 Scilicet
286 2974 350 3019 non
377 2954 412 3016 id
439 2955 507 3038 agit
534 2940 803 3036 auctor'decreti,
834 2966 871 3020 nt
893 2967 1040 3040 tempora
1066 2978 1175 3021 rernm
1244 2993 1247 3000 ·

20 3092 29 3101 ·
134 3084 215 3151 quas
251 3058 481 3124 commemorat
516 3067 611 3149 atquo
643 3056 786 3121 ordinem
816 3071 963 3123 accurate
989 3061 1174 3149 constituat,

74 3224 79 3242 ,
134 3164 192 3231 red
221 3161 306 3250 petit
323 3160 440 3245 potius
469 3157 588 3244 aliquid
615 3170 717 3247 grave
746 3172 842 3246 atque
863 3161 986 3248 grande
1009 3162 1094 3248 quod
1114 3180 1175 3248 po·

80 3288 82 3292 ’
133 3266 203 3355 puli
226 3258 468 3337 Atheniensium
500 3260 653 3325 audaciae
683 3263 903 3348 exaggerandi
932 3283 1046 3329 cauata
1071 3284 1176 3351 oppo-

68 3428 72 3440 .
133 3381 200 3436 net.
243 3367 359 3453 ,Atque
386 3362 450 3429 hoc
472 3364 599 3450 quidem
625 3367 769 3448 repperit
795 3367 830 3429 iu
852 3364 1055 3432 Alexandro.
1107 3365 1175 3430 Ta-

108 3482 112 3487 “
132 3454 302 3551 menetai,
332 3468 394 3549 ait,
417 3477 526 3530 tentae
547 3477 619 3555 erat
639 3465 868 3551 magnitudinis
890 3481 986 3555 atquo
1006 3470 1173 3554 potentiae

132 3573 319 3641 Alexander
338 3582 376 3633 ut
397 3580 429 3632 et
450 3569 561 3633 Asiam
584 3579 685 3631 totam
706 3564 871 3652 subigeret
892 3583 925 3634 et
945 3568 1078 3636 Graecis
1103 3593 1172 3636 om·

133 3676 229 3743 uibus
249 3676 433 3760 imperaret,
456 3684 563 3734 tamen
585 3689 682 3733 accur
704 3681 754 3733 eet
776 3669 916 3756 populna
927 3670 1175 3739 Atheniensium

50 3812 53 3841 ι
131 3778 290 3869 repellere
309 3786 490 3861 regentem.
526 3771 636 3849 Quare
657 3771 743 3837 haud
762 3774 830 3839 ecio
853 3795 894 3840 an
915 3777 1005 3842 antic.
1020 3782 1077 3842 τοῦ
1099 3789 1174 3842 anto

132 3883 256 3951 unacort
278 3877 446 3944 exciderit.

160 3998 318 4066 lbid.
342 4020 374 4082 p.
397 3989 532 4060 85251).
561 3952 685 4060 Coraca
711 3993 787 4072 δοὺς
806 4015 866 4081 pro
891 3996 1000 4073 διδοὺς
1022 3997 1172 4080 coniecit,

5 4084 13 4101 ’
56 4198 63 4209 p
131 4117 166 4171 et
178 4108 254 4193 port
268 4098 382 4189 χρόνον
401 4095 475 4163 eddi
491 4093 637 4167 voluit'*
612 4120 664 4163 ων.
692 4094 823 4252 Deindp
836 4114 958 4195 repone
979 4119 1051 4193 cum
1054 4094 1172 4188 Saup·
1267 4126 1272 4143 ι
