2572 4590
146 220 189 283 bb

148 391 281 476 ignavia
302 411 372 476 cap.
394 396 449 470 20,
472 377 592 455 ibidem
614 390 654 455 ds
673 388 814 476 Philippi
836 388 990 476 superbia
1004 390 1114 478 daque
1133 389 1190 455 lit·

150 493 229 557 toris
249 482 409 577 inuentis,
441 492 625 580 exquibus
650 492 903 559 Demosthenem
927 515 947 557 a
973 493 1190 580 regeqursa-

149 616 222 660 rum
244 610 429 683 corruptum
451 616 523 659 esse
543 608 711 681 appareat,
730 617 813 681 quae
833 595 874 660 ab
895 597 964 660 eius
980 598 1119 660 inimio'a
1137 597 1189 660 ind
1218 628 1221 632 *

149 708 248 761 venta
268 719 340 763 esse
365 720 430 763 non
452 720 539 762 vana
559 710 608 762 est
630 700 782 783 suspicio,
806 698 847 762 de
867 700 991 767 actione
1008 696 1193 784 *Haripblica

151 820 222 884 cap·
246 806 298 880 25,
326 801 367 864 de
388 800 548 889 colloquio
574 823 646 866 curn
669 790 790 874 Archia
813 824 834 866 a
856 799 1193 867 Demostheh'e‘ante·

151 923 247 987 quam
269 903 375 970 obiret
393 902 504 968 habito
522 925 593 988 cap.
607 908 661 968 26.
705 900 798 978 Quae
813 907 922 968 omnia
941 907 989 969 sic
1008 918 1084 969 sunt
1104 926 1193 970 com·

150 1018 276 1089 parata,
298 1018 334 1070 ut
352 1006 484 1071 minime
504 1005 633 1091 quidem
655 1004 860 1070 aPlutarcho
879 1009 1013 1071 iuventa
1032 1029 1103 1071 esse
1121 1011 1194 1071 cre-

152 1105 220 1188 das,
244 1109 400 1193 quaedam
423 1108 505 1172 adeo
526 1106 626 1194 vulgo
648 1108 776 1171 traditis
796 1108 972 1193 praeferas,
990 1110 1047 1173 sed
1069 1109 1204 1194 reliqua¹

152 1210 278 1274 mireris
305 1222 412 1275 tamen
444 1209 486 1274 ab
515 1231 554 1274 eo
584 1212 614 1273 si
634 1229 699 1273 non
722 1211 862 1292 credita,
895 1224 930 1275 at
953 1210 1040 1276 bona
1065 1211 1131 1276 fide
1151 1233 1194 1276 na

154 1311 338 1377 auctoribus
352 1313 479 1400 quidem
490 1314 663 1376 nominatis
675 1315 850 1376 memoriae
870 1335 942 1388 esse
957 1315 1085 1396 tradita,
1101 1336 1196 1399 prae-

137 1417 264 1479 ¹sertim
292 1437 366 1480 cum
387 1412 530 1500 alioquin
552 1416 585 1478 iu
611 1414 710 1478 rebus
730 1410 906 1479 leuioribus
929 1429 1027 1480 testes
1049 1419 1196 1481 excitare

156 1519 438 1604 operaepretium
468 1514 597 1582 babeat.
645 1507 862 1591 Quamobrem
885 1518 1067 1583 huiusmodi
1093 1520 1196 1584 histo·

154 1620 212 1683 riis
229 1621 439 1706 congerendis
459 1623 627 1685 materiem
647 1621 757 1704 potius
779 1619 1006 1685 describendae
1027 1625 1114 1686 vitas
1127 1621 1197 1711 Do·

156 1722 375 1787 mostheoicae
396 1745 469 1787 eum
489 1721 672 1809 collegisse,
696 1743 793 1808 quam
808 1724 911 1808 ipsam
934 1726 1072 1787 oratoris
1093 1724 1198 1789 bisto-

156 1826 239 1889 riam
253 1826 430 1890 condidisse
448 1825 544 1890 dicas.
588 1822 686 1889 Certe
707 1827 833 1890 etiamsi
847 1824 974 1913 aliquid
995 1827 1107 1890 damus
1128 1850 1198 1892 mo-

158 1925 280 1991 deatiae
300 1929 395 2006 eius,
430 1949 493 2014 qua
521 1949 586 1991 non
614 1949 712 1992 ausus
742 1941 792 1992 ast
818 1930 889 2012 ipso
909 1924 1017 1992 omnia*
1044 1929 1197 1993 diiudica-

157 2049 195 2092 re
218 2030 303 2110 ¹¹³),
334 2049 469 2112 eumque
497 2031 595 2092 etiam
616 2031 665 2093 rei
686 2026 872 2093 difficultate
892 2028 947 2093 vel
968 2051 1026 2093 suc
1052 2044 1199 2118 tempore

80 2209 82 2213 ‚
157 2127 347 2216 plerumque
363 2127 580 2193 inextricabili
600 2147 806 2211 excusemus,
825 2144 960 2216 apparet
980 2154 1075 2218 quam
1096 2156 1197 2219 grave
1249 2165 1253 2169 ·

159 2244 256 2316 atque
278 2232 319 2295 ad
340 2230 536 2317 explendum
557 2228 685 2296 difficile
706 2231 872 2319 reliquerit
891 2233 1000 2299 futuro
1021 2238 1109 2299 vitae
1129 2235 1198 2300 De·

159 2333 336 2400 mostheuis
359 2335 507 2420 scriptori
528 2331 666 2399 officium
688 2333 769 2399 haec
790 2338 900 2399 omnia
922 2348 956 2399 et
977 2337 1107 2422 quidem
1127 2360 1198 2403 ere-

159 2439 224 2523 ptis
246 2440 367 2503 cunctis
388 2459 470 2522 pene
492 2458 574 2523 quae
596 2437 673 2501 olim
695 2436 945 2523 suppeditabant
970 2437 1120 2505 subsidiis
1142 2442 1199 2506 de·

115 2524 121 2531 ¹
160 2560 225 2605 nuo
246 2540 421 2625 indagandi
441 2552 537 2625 atque
552 2538 755 2604 diiudicandi.
786 2539 910 2605 Verum
930 2540 982 2605 his
1003 2543 1109 2608 missis
1129 2565 1199 2609 ma·

86 2632 88 2636 ¹
162 2643 244 2708 culis
266 2644 393 2707 demum
415 2643 581 2707 latendum
603 2656 669 2727 est,
698 2643 904 2710 Plutarchum
926 2645 1037 2727 subtili
1059 2650 1200 2734 quodam

162 2745 521 2830 diuturnaqua'morum
544 2748 798 2831 perscrutatione
825 2745 955 2812 firmato
985 2763 1080 2836 atque
1104 2767 1200 2817 acuto

162 2868 259 2912 seusu
279 2845 383 2930 pulcri
402 2858 435 2910 et
454 2850 533 2910 recti
555 2848 684 2914 ductum
707 2848 746 2911 de
760 2848 980 2914 Demosthene
1004 2854 1136 2937 eiusque
1160 2855 1200 2918 ds

161 2946 327 3035 republica
346 2949 469 3010 maritis
494 2946 551 3010 ubi
571 2950 690 3014 iudicet
711 2952 841 3014 omniuo
863 2964 949 3014 recte
970 2953 1128 3018 iudicasse
1151 2971 1200 3020 at-

163 3056 225 3139 qu'e
246 3053 420 3136 imaginem
451 3050 520 3112 eius
540 3055 766 3136 proposuisse,
797 3075 879 3139 quaa
908 3077 973 3120 nou
999 3055 1135 3121 multum
1158 3058 1200 3124 ab

162 3157 234 3242 ipsa
252 3154 389 3219 veritate
411 3153 607 3236 discreparet
623 3157 705 3236 ¹¹⁴).
749 3155 825 3220 Vid.
838 3160 920 3242 iupr.
934 3170 1026 3244 capp.
1040 3165 1091 3225 ta.
1106 3175 1138 3225 et
1148 3168 1202 3231 22.
1222 3222 1225 3227 ,

250 3275 357 3358 Multo
385 3271 543 3338 difficilius
570 3287 620 3359 est
640 3276 780 3338 iudicatu
810 3277 850 3341 de
868 3277 1015 3343 altera
1041 3284 1111 3346 vita
1130 3282 1202 3347 De-

163 3381 363 3446 mosthenica
384 3401 404 3443 a
425 3376 597 3442 Plutarcho
618 3381 747 3464 scripta,
770 3401 866 3464 quam
888 3385 1044 3448 minorem
1067 3386 1201 3452 dicimus

102 3564 104 3568 Α
166 3506 311 3571 quaeque
335 3482 460 3568 legitur
491 3483 530 3544 iu
557 3484 656 3546 vitis
687 3483 827 3547 decem
855 3501 1087 3564 oratorum,
1115 3488 1199 3555 libro

165 3588 307 3651 omnium
335 3584 606 3670 desperatissimo.
661 3584 768 3670 Atque
797 3584 882 3649 bunc
912 3589 1040 3674 quidem
1061 3592 1202 3658 cuiusvis

165 3690 294 3776 generis
314 3685 577 3769 dubitationibus,
599 3684 791 3772 opprobriis,
816 3690 968 3756 conviciis
989 3691 1139 3759 obrutum
1159 3694 1202 3760 ab

164 3789 314 3857 omnibus
334 3789 403 3854 fere
416 3786 589 3855 Plutarcho
610 3791 692 3876 eripi
712 3791 797 3855 inter
810 3811 922 3856 omnes
941 3807 1084 3875 coustat;
1105 3801 1204 3884 pauci

167 3929 377 3944 ..μαι-,σ’-

237 4013 298 4077 113)
321 4013 403 4064 Cuius
420 4013 595 4066 testimonium
615 4018 690 4068 extat
704 4017 733 4065 in
750 4017 797 4069 vlt.
816 4019 889 4068 Deru.
908 4034 931 4068 c.
952 4017 993 4070 15.

235 4102 298 4169 114)
320 4103 358 4154 Gi.
377 4103 472 4153 Reuss
492 4100 520 4154 in
536 4104 643 4166 Encycl.
664 4105 683 4158 1.
703 4105 721 4154 1.
741 4119 767 4167 p.
786 4102 830 4158 57.
