2572 4590
957 225 964 246 .
1154 277 1196 374 ω

161 442 340 512 extiterunt
360 448 416 533 qui
443 441 537 519 aliter
558 447 716 511 sentirent
740 456 838 531 atque
864 440 983 509 librum
1008 443 1099 509 illum
1123 425 1205 511 auc-⁸
1275 445 1278 450 ’

109 621 112 626 ,
157 552 220 614 tori
247 570 306 615 suo
334 548 566 614 restituendum
599 568 672 612 essa
701 559 882 613 censerent.
947 546 1000 612 Sic
1028 546 1105 611 olim
1132 550 1198 613 ism

157 651 298 718 Hieron.
315 651 458 731 Wolfius
476 639 646 726 iudicavit3
668 665 780 716 nostro
795 664 949 737 ‚tempore
969 649 1067 741 mu.
1079 647 1200 714 Becke-

89 746 91 751 ’
158 774 217 818 stes
238 758 359 840 primus
382 775 532 819 assensus
554 765 604 819 est
625 767 658 818 ct
679 767 828 818 accurate
850 755 890 818 de
912 776 951 818 ea
970 774 1005 817 re
1029 756 1198 838 exposuit3

158 854 234 920 huic
262 878 323 942 ego
346 858 472 920 accessi
487 856 624 941 dedique
656 843 806 940 operam,
836 868 873 919 ut
895 869 1048 941 quantum
1072 857 1200 942 quidem

158 954 231 1021 ficri
251 971 363 1043 posset
383 960 574 1021 sententiam
596 955 685 1021 illam
708 971 741 1022 ct
762 956 987 1022 confirmarem
1011 972 1044 1022 et
1062 957 1201 1044 amplifi·

158 1081 283 1143 casem,
320 1062 657 1146 demonstraremque,
696 1059 815 1124 librum
847 1062 944 1125 istum
977 1083 997 1125 a
1028 1061 1201 1127 Plutarcho

158 1166 314 1249 scriptum
345 1185 416 1228 esse
445 1184 543 1249 posse
575 1162 719 1247 nihilque
753 1162 828 1242 dum
861 1161 903 1226 ab
939 1161 1202 1248 aliis'prolatum

161 1286 244 1347 essa,
267 1288 311 1329 cx
332 1287 396 1351 quo
416 1287 480 1329 non
502 1263 542 1327 ab
566 1286 604 1328 eo
625 1267 777 1349 scriptum
801 1285 872 1327 esse
889 1279 1087 1350 sequeretur.
1114 1267 1201 1331 Eve-

160 1369 209 1433 nit
238 1368 324 1454 quod
345 1368 541 1452 praesagivit
567 1360 708 1440 animus3
741 1368 863 1430 nemini
889 1389 1022 1453 prorsus
1044 1373 1200 1454 persuasi,
1229 1374 1232 1379 ’

158 1472 270 1555 paucis
291 1490 361 1533 rem
384 1490 430 1533 ex
449 1470 571 1532 maiore
593 1482 685 1553 parte
705 1467 845 1554 probavi
873 1473 956 1552 ¹¹⁵),
986 1469 1131 1555 plurimis
1153 1472 1203 1536 bi-

160 1570 226 1636 lem
257 1573 356 1635 mov-i.
418 1568 489 1636 Nec
520 1571 622 1634 miror
655 1570 740 1635 huno
774 1584 908 1636 conatus
939 1575 1004 1636 mei
1034 1588 1203 1652 eventum3

161 1677 291 1762 quippe‘
309 1672 428 1737 nullius
454 1674 503 1737 rei
525 1672 672 1737 homines
697 1695 793 1760 quam
821 1677 1022 1738 inveteratae
1044 1679 1203 1762 opinionis

163 1778 346 1840 tenaciores
374 1787 458 1839 suut.
508 1773 583 1841 Non
604 1777 674 1839 (lico
699 1776 761 1840 hoo
784 1777 875 1861 quasi
896 1797 1029 1862 prorsus
1050 1777 1134 1844 hanc
1155 1792 1204 1844 te·

164 1868 338 1944 uocitatem
361 1877 605 1964 improbandam
631 1901 702 1942 esse
724 1900 872 1943 censeam
895 1879 1126 1966 extemploque
1147 1905 1204 1947 vs·

163 1983 222 2048 lim
247 1981 394 2045 homines
416 2001 529 2044 omnes
557 1982 591 2043 in
621 2002 782 2066 quamque
806 2002 923 2045 novam
953 1995 1050 2068 atque
1079 1984 1204 2048 inaudi-

164 2074 615 2169 tamopinionemjnvolare3
644 2103 686 2145 ex
708 2085 867 2146 contrario
889 2085 945 2169 qui
967 2104 1066 2149 sanas
1087 2088 1204 2151 mentis
1243 2078 1245 2092 '

164 2201 231 2264 est,
264 2207 329 2251 non
350 2198 456 2270 potest
482 2207 548 2255 non
568 2181 706 2270 probare
728 2206 784 2249 cos
806 2186 877 2272 qui,
906 2207 987 2272 quae
1013 2175 1205 2274 acceperunt

165 2313 189 2355 a
207 2303 368 2355 vetustate
394 2291 487 2375 quasi
516 2290 640 2351 sancita
670 2287 908 2373 multorumque
933 2286 1110 2354 hominum
1130 2313 1204 2356 con·

164 2415 261 2458 sensu
282 2389 488 2465 confirmata,
518 2409 582 2452 non
607 2401 727 2467 temere
750 2387 1006 2469 abiiciunt,'sed
1033 2391 1204 2458 defendere

157 2497 294 2562 'student
311 2514 412 2580 eoque
431 2513 532 2577 usque
554 2504 665 2554 tenent
686 2490 760 2553 dum
782 2489 920 2575 amplius
940 2513 1004 2555 nou
1026 2496 1151 2578 possint
1173 2510 1206 2561 et
1228 2478 1235 2493 ’

165 2602 267 2664 victos
288 2617 323 2662 so
346 2614 418 2659 esse
441 2596 591 2657 sentiant.
643 2590 709 2654 Sed
738 2605 917 2656 esttamen
945 2593 1026 2658 haec
1048 2599 1205 2663 tenacitas
1258 2624 1262 2633 ’

113 2710 118 2733 “
155 2700 284 2768 ¹linibus
308 2696 498 2786 quibusdam
520 2692 822 2777 circumscribenda,
845 2700 1033 2780 praesertim
1057 2697 1113 2763 ubi
1135 2704 1206 2787 agi·

166 2819 220 2870 tur
242 2805 282 2867 (le
311 2799 409 2865 rebus
435 2820 517 2886 quae
543 2797 583 2861 ad
612 2800 835 2890 antiquitatem
865 2800 1026 2883 pertinent
1048 2824 1085 2866 ac
1108 2823 1205 2889 saepe

168 2927 301 2972 numero
327 2907 374 2968 ita
400 2915 603 2987 comparatos
627 2915 718 2981 sunt,
748 2914 785 2965 ut
808 2901 927 2988 aliquid
950 2918 1037 2968 certe
1066 2906 1206 2971 dandum

167 3013 209 3075 sit
230 3007 419 3074 divinationi
441 3019 536 3090 atque
556 3006 771 3086 coniecturae,
794 3026 853 3069 neo
874 3009 981 3071 omnia
1001 3011 1047 3071 ita
1064 3012 1207 3075 construi
1248 3034 1250 3042 ’

168 3109 442 3194 demonstrarique
463 3107 599 3191 possint,
622 3119 658 3169 ut
675 3105 775 3170 oculis
800 3129 840 3171 ea
863 3109 975 3173 videas
996 3111 1206 3200 manibusque

167 3202 430 3301 comprehendas.
452 3274 464 3299 s
481 3208 563 3274 Prae
577 3207 738 3291 ,omnibus
753 3212 829 3274 sine
854 3213 903 3274 ira
926 3226 959 3274 et
979 3215 1085 3281 studio
1107 3236 1207 3299 agen·

125 3370 127 3376 ,
168 3321 246 3384 dum
269 3329 336 3390 est3
369 3325 481 3379 eontra
508 3313 633 3390 dicant,
669 3333 734 3377 non
756 3335 918 3399 repugno,
941 3317 1048 3403 immo
1072 3315 1146 3395 rqlo
1170 3339 1207 3382 ac

132 3452 138 3465 ·
168 3420 281 3511 probo,
307 3418 381 3505 quia
402 3418 448 3481 sio
470 3415 597 3479 demum
616 3417 738 3479 veritas
760 3417 898 3494 eruitur3
928 3438 1040 3479 verum
1064 3419 1109 3480 ita
1130 3440 1206 3484 oon-

169 3541 220 3591 tra
241 3526 366 3600 dicant,
396 3531 433 3582 ut
461 3517 545 3581 absit
573 3519 677 3581 omnis
702 3517 826 3581 invidia
854 3517 1131 3604 calumniandique
1151 3543 1206 3585 cu-

169 3629 256 3714 pido,
277 3645 360 3712 quae
376 3621 506 3684 dedecet
519 3612 680 3684 hominem
701 3617 889 3699 litteratum,
915 3635 948 3683 ut
968 3620 1051 3684 absit
1065 3622 1208 3708 maligna
1241 3689 1244 3695 ,

172 3729 343 3808 cavillatio,
361 3745 425 3812 qua
445 3724 586 3809 gaudent
605 3721 716 3802 invidi,
735 3723 841 3806 ignari
863 3743 927 3787 non
950 3725 1149 3809 erudiuntur,
1170 3741 1207 3792 ut

179 3896 380 3912 --—-—-
726 3881 732 3919 l

241 3980 303 4048 115)
326 3983 464 4044 inquibus
483 3984 584 4045 gaudeo
609 3995 667 4030 esse
690 3979 773 4030 virum
795 3981 995 4045 peritissimum,
1019 3989 1046 4034 c.
1065 3986 1207 4048 Ssuuusts,

173 4068 247 4120 cuius
264 4083 374 4118 eensuss
394 4077 499 4120 nostrae
524 4070 565 4120 ed.
583 4070 641 4121 virt.
659 4071 715 4119 deo.
734 4078 812 4122 oratt.
832 4072 926 4134 legitur
950 4071 976 4120 io
994 4062 1121 4124 zeitschr.
1139 4070 1160 4125 f.
1178 4074 1204 4122 ri.

172 4157 402 4212 Altertlrumsvlss.
422 4174 447 4208 s.
465 4157 542 4211 1885.
561 4159 620 4212 an.
639 4173 667 4211 rr.
683 4157 710 4210 4.
727 4157 752 4211 5.
