2572 4590
112 358 274 443 inscripsit
294 364 405 419 auctor
426 353 492 438 napi
512 354 725 439 Σωκρατικῶν.
769 350 875 430 Quam
899 342 1097 419 sententiam
1118 352 1159 420 11-

112 475 164 526 cet
187 481 226 524 eo
248 459 378 543 egregie
400 453 650 533 confirmaverit,
672 455 758 542 quod
778 455 934 521 librorum
955 458 1025 520 eius
1048 455 1159 523 nullus

112 572 389 640 commemoretur,
409 560 443 621 in
464 548 527 644 quo
548 558 612 621 ista
630 554 736 622 locum
754 557 875 622 habere
893 561 1076 645 potuissent
1090 561 1157 646 ⁶⁰),

113 679 146 730 et
167 662 251 752 quod
271 662 367 726 huius
386 663 502 725 aetatis
524 663 696 745 scriptores
715 662 761 725 sic
780 664 949 726 instituere
971 676 1081 727 essent
1102 682 1158 727 so-

110 762 171 855 lrtij
195 779 231 831 ut
252 784 317 830 non
338 766 371 829 in
392 766 488 828 certis
508 762 630 828 finibus
650 786 723 829 sese
744 767 956 847 continerent,
980 766 1038 829 sed
1057 776 1158 852 prout

111 866 213 938 libido
239 868 340 933 ferret
360 856 394 932 in
418 867 482 931 alia
504 870 612 932 omnia
634 876 868 954 evagarentur:
892 871 1024 933 minime
1045 881 1158 947 tamen

110 968 164 1042 res
191 972 294 1038 libera
323 982 373 1035 est
395 968 435 1034 ab
458 973 547 1035 omni
574 968 784 1035 dubitatione.
834 968 916 1046 Quis
942 960 1028 1035 enim
1058 960 1156 1053 (licat,

111 1072 193 1145 nillil
213 1087 304 1162 praet
326 1094 342 1136 ι·
370 1075 451 1137 istos
472 1073 573 1137 libros
595 1072 803 1151 Idomeneum
831 1076 941 1158 scripti
963 1072 1156 1160 reliquissei

111 1178 193 1256 Quis
220 1199 302 1263 nege
338 1173 411 1239 fieri
432 1178 594 1260 potuisse,
623 1189 660 1238 ut
682 1178 752 1240 eius
773 1178 876 1262 ipsius
897 1165 989 1263 libri,
1023 1176 1070 1240 eri
1092 1194 1155 1263 quo
1186 1240 1189 1247 ,

109 1286 292 1370 fragmenta
311 1293 376 1343 reta
396 1281 497 1365 petita
520 1292 605 1360 sunt,
628 1280 793 1365 inscriptio
815 1278 911 1366 plane
933 1282 1154 1361 evanescere&

111 1409 183 1453 cnm
204 1388 229 1450 ii
251 1385 306 1472 qui
332 1396 447 1446 testem
470 1381 676 1447 Idomeneum
699 1386 883 1448 excitarent
905 1370 977 1447 eam
1000 1382 1155 1449 adnotare

111 1486 354 1575 neglexissent?
396 1485 567 1550 Praeterea
592 1488 735 1572 ipsorum
764 1509 891 1574 quoque
912 1485 1042 1551 illorum
1065 1488 1153 1551 viro·

109 1612 182 1658 rurn
204 1590 464 1654 commemoratio
485 1590 518 1650 in
540 1586 623 1681 libro
647 1588 686 1650 de
700 1588 873 1652 Socraticis
895 1587 995 1652 habet
1015 1608 1080 1683 quo
1104 1586 1151 1652 oi-

108 1694 230 1772 tendat,
251 1695 279 1757 si
300 1702 427 1777 spectas
444 1708 497 1752 res
516 1706 598 1774 quae
620 1710 664 1753 ex
687 1710 798 1753 eorum
819 1689 955 1755 historia
977 1692 1153 1756 memoriae
1196 1726 1202 1745 ι

109 1798 290 1861 traduntur.
336 1790 463 1875 Scilicet
480 1793 514 1855 in
534 1788 680 1877 plurimis
703 1793 810 1878 agitur
832 1794 872 1857 de
892 1795 1035 1857 virorum
1058 1814 1154 1879 prae·

109 1900 275 1977 clarorum¹
299 1892 433 1981 luxurie
449 1896 557 1982 'atqua
585 1894 781 1962 libidinibus.
834 1894 951 1984 Itaque
983 1899 1154 1984 ingeniosa

109 1996 159 2069 est
187 1998 331 2063 Lazaro·
355 1998 539 2061 coniectura
564 1998 633 2079 ⁶¹),
666 2020 761 2086 quam
790 2002 974 2085 nuperrime
1001 1998 1153 2086 probavit

110 2104 147 2172 0.
170 2100 210 2169 F.
232 2096 443 2164 Her-mannus
468 2101 540 2181 ⁶²),
574 2096 785 2165 Idomeneum
807 2104 929 2186 pariter
952 2116 989 2166 ut
1011 2102 1153 2188 Aristip-

109 2232 202 2297 pum,
242 2223 338 2291 quem
364 2200 439 2286 ’περὶ
469 2208 603 2280 παλαιᾶς
630 2208 751 2290 τρυφῆς
783 2201 900 2270 librum
933 2207 1153 2293 composuisse

110 2327 233 2381 constet
247 2311 313 2395 ⁰³),
334 2306 452 2372 librum
474 2306 586 2372 similis
604 2313 786 2395 argumenti
802 2315 1039 2402 conscripsisse,
1059 2313 1153 2377 cuius

108 2421 248 2484 fortasse
280 2411 393 2477 titulus
425 2411 542 2474 fuisset
575 2412 642 2496 περὶ
674 2417 730 2503 τῆς
760 2416 824 2479 τῶν
857 2411 986 2490 ἐνδόξων
1018 2418 1152 2498 τρυφῆς.

110 2518 249 2596 Quidem
273 2534 350 2579 sane
371 2526 495 2577 restant
515 2512 594 2594 loci,
618 2514 674 2600 qui
694 2512 735 2578 ab
754 2513 817 2580 hoc
839 2528 1028 2603 argumento
1052 2514 1151 2582 alieni

111 2643 181 2686 esse
208 2619 372 2693 videntur3
407 2615 467 2680 hos
491 2628 617 2696 tamen,
651 2618 803 2702 quoniam
830 2640 876 2682 ex
905 2617 968 2682 alio
996 2621 1150 2704 quopiam

108 2728 242 2811 ignotae
263 2722 342 2783 item
364 2720 582 2803 inscriptionis
602 2716 688 2785 libro
710 2740 767 2785 eos
788 2731 935 2807 repetere
957 2722 1077 2787 nimine
1099 2743 1149 2786 es·
1180 2720 1185 2731 '

110 2841 160 2895 set
184 2824 354 2902 audaciae,
384 2842 448 2885 non
472 2820 513 2884 ab
537 2824 625 2886 omni
649 2836 741 2910 parte
770 2845 842 2888 cum
868 2825 931 2889 isto
959 2836 1175 2911 argumento

111 2931 291 3012 discrepare
320 2921 415 2986 facile
436 2926 651 3013 concesseris,
683 2923 779 2990 modo
801 2948 871 2990 voc.
895 2930 1016 3014 τρυφῆς
1035 2924 1149 3014 paullo

111 3030 267 3117 ampliore
286 3045 383 3089 sensu
404 3025 543 3110 accipias
565 3047 661 3110 quam
684 3018 748 3113 qu'o
762 3027 965 3115 Aristippum
985 3032 1148 3116 accepisse

109 3134 240 3220 colligat
262 3127 378 3215 aliquis
397 3149 444 3191 ex
463 3129 532 3190 cius
552 3126 760 3214 fragmentis,
782 3152 865 3216 quaa
886 3133 995 3196 ornain
1015 3152 1147 3197 verann-

109 3276 304 3291 -........-

177 3369 224 3437 60)
249 3374 468 3420 Commemoratur
487 3348 622 3430 praeterea
648 3383 664 3416 a
684 3369 764 3420 sutus
781 3371 881 3442 ἱστορία
910 3368 986 3437 (τῶν)
1005 3371 1071 3426 κατὰ
1089 3378 1148 3428 Σα-

108 3448 263 3525 μοθρᾴιην,
287 3461 313 3507 et
333 3458 450 3508 eschol.
472 3457 592 3516 Apollon.
614 3455 694 3508 Rhod.
713 3455 734 3506 l.
754 3455 814 3508 916.
843 3455 971 3524 Τρωικά,
1001 3474 1146 3521 quenquam

109 3547 158 3593 hoc
175 3558 276 3608 quoque
294 3546 456 3597 Srsuusmo
480 3559 527 3606 per
542 3558 658 3594 errorem
681 3558 717 3594 cx
734 3541 931 3615 Σαμιθρᾳκικᾶ
948 3551 1069 3596 exortum
1087 3564 1146 3599 esre

109 3633 219 3682 videtur.
287 3631 290 3639 '

151 3776 154 3781 ¹
177 3713 221 3780 61)
246 3715 327 3767 Lecti.
347 3720 401 3767 att.
420 3720 446 3773 d.
463 3719 556 3783 dignm.
574 3720 646 3770 Socr.
668 3715 694 3782 ξ.
714 3712 739 3766 3.
761 3731 787 3777 p.
809 3712 870 3768 113.

177 3800 222 3866 62)
248 3801 304 3858 lau.
321 3803 391 3855 lectt.
409 3808 538 3867 Morbum.
558 3818 620 3855 sem.
635 3811 700 3855 sert.
720 3816 744 3856 s.
759 3799 835 3867 1836,
852 3802 880 3851 in
899 3817 949 3865 quo
966 3802 1052 3867 egitur
1069 3821 1149 3868 egre-v

108 3889 150 3952 gie
172 3891 203 3937 de
221 3891 296 3941 lontt.
318 3891 363 3941 vit.
383 3891 475 3943 Per-ici.
489 3891 631 3951 Plutarchi,
654 3905 678 3951 p.
698 3886 761 3941 Vll.

178 3974 224 4038 63)
243 3976 301 4028 viu.
321 3976 400 4037 Diog.
420 3977 505 4031 Lucri.
527 3976 549 4027 1.
568 3975 594 4038 l,
615 3970 658 4026 96.
685 3973 721 4029 ll.
739 3972 766 4039 5,
784 3968 827 4025 23.
845 3968 872 4040 6,
888 3972 931 4028 48.
957 3974 1007 4030 111.
1026 3974 1070 4030 29·
1093 3970 1142 4026 lV.

109 4051 245 4120 s,1o.'v.
265 4064 291 4127 1,
313 4058 445 4127 3.2,tt⁹.
