2572 4590
1114 246 1216 326 eo„

115 393 259 485 athenion
279 417 482 502 potissimum
511 423 711 477 transeamus
721 460 731 492 ,
766 409 839 477 fieri
867 431 933 478 non
954 413 1063 499 potuit
1083 414 1161 499 quin

115 504 224 609 legem
251 519 314 586 sihi
334 522 486 605 scriptam
510 528 665 603 sequutus
686 518 733 581 ita
753 518 856 582 vitam
877 517 1018 582 oratoris
1038 513 1186 580 scribe.

116 636 186 706 ret,
216 635 252 686 ot
270 602 374 687 multa
395 619 557 686 desideras
579 639 661 704 quae
682 631 719 682 ut
738 621 920 683 necessaria
940 610 1161 705 requiruntur,

115 723 184 790 'alia
211 726 404 789 immisceret
433 742 515 808 quaa
544 718 586 784 ab
615 719 751 785 historia
776 721 927 786 videntur
950 741 1021 785 esse
1043 719 1162 786 aliena.

119 826 225 912 Atque
252 847 350 912 aegra
378 824 506 910 quidem
528 821 704 886 desiderari
728 822 798 886 dico
823 844 880 899 ea,
910 824 1043 908 quaesi
1068 824 1164 889 ades-

118 941 192 993 sent
217 929 345 992 demum
368 948 478 991 veram
508 938 540 988 et
564 923 605 988 ab
629 927 716 988 omni
734 938 827 1010 perte
850 922 1032 989 absolutam
1053 940 1162 990 orato·

118 1033 164 1096 ris
183 1033 366 1117 imaginem¹
379 1029 472 1093 nobis
495 1029 602 1090 animo
630 1024 755 1113 fingere
775 1047 954 1112 possemus.
998 1025 1099 1113 quue
1121 1049 1161 1093 oo

118 1136 224 1217 magis
244 1131 397 1197 hocloco
419 1129 599 1214 urgendum
621 1142 681 1210 est,
700 1132 850 1214 quoniam
873 1151 957 1215 quae
977 1128 1163 1195 desiderari·
1214 1146 1217 1153 ’

119 1251 173 1300 tur
194 1249 227 1299 et
243 1237 436 1322 gravissima
455 1244 530 1295 sunt
550 1244 583 1295 et
601 1230 642 1295 ad
662 1229 1020 1325 inveniendum-facilia
1035 1225 1069 1297 et
1089 1235 1162 1319 ipsa

120 1336 163 1402 ab
192 1354 323 1402 auctore
354 1335 556 1420 aliquatenus
583 1337 754 1418 promissa.
806 1332 937 1398 Scilicet
958 1356 1029 1421 cap.
1051 1340 1083 1400 3.
1113 1338 1160 1400 διὸ
1225 1401 1229 1415 2

119 1440 171 1505 καλ
191 1438 369 1525 γράφοντες,
393 1438 514 1522 inquit,
539 1435 571 1501 ἓν
590 1440 636 1521 τῷ
656 1432 769 1520 βιβλλῳ
790 1434 893 1523 τούτῳ
915 1441 978 1501 τῶν
1000 1435 1162 1520 παραλλή-
1261 1508 1264 1512 ,

119 1545 183 1605 λων
212 1537 275 1604 δντι
295 1537 424 1625 πέμπτῳ
449 1539 521 1622 ¹⁰⁹)
549 1537 618 1620 περὶ
640 1535 869 1618 Δημοσθένους
897 1537 949 1601 καλ
973 1538 1160 1623 Κικέρωνος,

75 1675 78 1679 ·
121 1639 184 1705 άπὸ
206 1645 270 1705 τῶν
290 1635 428 1724 πράξεων
449 1640 500 1705 καλ
519 1642 583 1703 τῶν
600 1643 759 1702 πολιτειῶν
776 1636 833 1714 τὰς
855 1635 963 1723 φάσεις
982 1636 1087 1703 αὐτῶν
1110 1640 1162 1702 κοιλ
1256 1722 1259 1732 Ι

120 1741 177 1816 τὰς
198 1741 354 1815 διαθέσεις
369 1740 446 1826 πρὸς
467 1737 603 1823 ἀλλήλας
624 1734 877 1821 ἐπισκεψόμεθα,
899 1738 935 1803 τὸ
958 1741 993 1803 δὲ
1011 1738 1089 1816 vorle
1110 1738 1162 1805 λό-

121 1868 195 1928 γους
214 1837 415 1919 ἀντεξετάζειν
435 1843 487 1905 καλ
507 1839 754 1924 ἀποφαίνεσθαι,
784 1837 914 1925 πότερος
935 1837 1034 1922 ἡδίων
1055 1838 1076 1923 ἢ
1099 1843 1164 1905 δει-

121 1941 246 2028 νότερος
263 1941 368 2021 εἰπεῖν,
390 1939 530 2022 ἐάσομεν.
574 1938 688 2026 Itaque
703 1959 870 2025 speramus
888 1941 960 2005 fora
979 1954 1017 2005 ut
1034 1962 1087 2007 rea
1104 1964 1163 2029 ge·

121 2059 191 2110 stas
212 2042 443 2108 Demosthenis
467 2063 579 2107 omnes
602 2042 753 2107 accurate
781 2057 927 2122 enarret,
957 2047 1077 2132 quippe
1099 2067 1164 2133 qua

121 2147 192 2233 sola
212 2149 336 2212 ratione
357 2129 444 2210 recta
464 2158 571 2231 potest
593 2145 730 2211 describi
751 2149 820 2211 vita
840 2148 916 2228 viri,
943 2150 999 2233 qui
1020 2151 1108 2213 vixit
1127 2151 1163 2239 in

121 2248 288 2336 republica
308 2246 432 2319 liberae
454 2248 661 2328 conditionis,
689 2250 724 2311 in
747 2269 785 2312 ea
806 2251 949 2333 regenda
972 2261 1059 2313 totus
1080 2262 1162 2331 eret,

121 2351 155 2413 in
178 2370 219 2414 ea
239 2351 389 2435 augenda
409 2352 496 2414 vires
518 2352 731 2434 consumpsit,
759 2351 794 2411 in
817 2369 856 2410 ea
879 2349 1000 2412 tuenda
1024 2353 1164 2417 animam

124 2449 304 2515 exhalavit.
332 2450 397 2514 Sed
416 2419 771 2535 frustra⁸sperevimns3
795 2448 914 2511 etenim
934 2447 1069 2512 alteram
1093 2462 1165 2515 ten·

82 2601 84 2604 -
125 2567 202 2627 tum.
214 2567 339 2638 partem
366 2553 455 2616 vitae
474 2551 705 2616 Demosthenis
724 2551 943 2634 copiosissime
966 2549 1165 2637 explicatam

123 2657 318 2736 invenimus,
340 2674 423 2739 quae
441 2655 554 2738 incipit
572 2654 648 2717 inde
668 2650 709 2717 ab
725 2650 780 2716 Ol.
797 2651 872 2733 CX,
887 2659 918 2716 2.
933 2674 1004 2738 cap.
1018 2659 1069 2718 17.
1082 2675 1164 2742 sqq,
1273 2661 1274 2664 ’

124 2755 260 2823 alteram
290 2776 373 2844 quae
397 2757 561 2840 praecedit
589 2770 622 2821 et
646 2756 760 2841 incipit
781 2754 857 2818 inde
879 2753 920 2819 ab
944 2755 997 2820 Ol.
1019 2754 1110 2841 cvl,
1132 2764 1165 2824 3.
1269 2759 1272 2771 ”

136 2896 347 2912 *ru-—OE

196 2978 260 3045 109)
284 2980 409 3043 Perpsoci
430 2983 491 3043 sunt
508 2980 570 3041 ioci,
590 2979 634 3029 ubi
650 2985 756 3043 protam
772 2983 867 3033 aeribst
885 2983 961 3032 vitam
980 2984 1079 3035 indicet
1095 2985 1167 3035 Pist-

125 3066 234 3126 srchas;
263 3067 314 3114 sino
333 3070 434 3117 tantum
459 3072 563 3129 praeter
580 3068 649 3118 burro
673 3072 779 3134 extent,
807 3068 836 3119 in
857 3070 904 3121 vit.
922 3071 1017 3123 Perici.
1036 3087 1059 3122 c.
1074 3071 1101 3122 2·
1123 3073 1167 3123 καλ
1269 3120 1274 3138 ,

124 3148 206 3205 τοῦτο
230 3146 262 3204 τὸ
286 3153 388 3221 βιβλίον
411 3153 518 3206 δέκατον
540 3151 745 3225 συντετάχαμεν,
773 3159 799 3206 ei
824 3157 852 3206 ia
871 3158 920 3207 vit.
940 3157 1018 3209 Dion.
1043 3171 1068 3208 ο.
1087 3157 1114 3207 ².
1140 3161 1168 3210 ts

126 3232 211 3306 τούτῳ
231 3238 258 3290 δὲ
280 3233 485 3306 corrumpente
504 3235 672 3308 παραλλήλων
692 3239 750 3296 ὄντι
766 3246 837 3311 βίον.
873 3243 1011 3308 Ordinem,
1030 3243 1073 3305 qui
1092 3245 1168 3294 vaide

124 3327 290 3388 perturbatus
305 3329 348 3374 est
364 3323 393 3374 in
410 3323 485 3375 libris
505 3340 583 3375 rasnu
601 3327 706 3390 scriptia
727 3334 805 3390 sique
824 3329 911 3396 editis,
929 3330 1068 3384 restituere
1086 3343 1168 3379 cons-

125 3417 168 3462 tas
184 3417 223 3460 est
239 3412 270 3465 Δ.
285 3412 358 3460 bron
376 3415 512 3461 comment.
530 3412 562 3461 de
580 3414 672 3463 eritne
691 3429 743 3475 quo
761 3416 914 3465 Plutarchus
937 3418 1005 3465 vitas
1024 3403 1166 3480 scripserit,

126 3500 241 3562 Gotting.
261 3497 339 3551 1819.
356 3497 382 3548 4.
425 3500 476 3556 Qui
496 3506 618 3561 quantuni
640 3501 784 3551 sueritme
803 3502 830 3551 in
846 3518 877 3551 re
895 3503 1047 3553 ‹iiiiiciiiirns
1062 3504 1169 3555 eterra-

101 3588 195 3637 ·rerit
212 3602 265 3638 non
286 3592 327 3636 ast
348 3588 425 3653 buius
451 3588 503 3639 ioci
526 3590 659 3655 indagare.
699 3592 783 3639 Aliam
805 3597 891 3641 autern
912 3592 1089 3653 quaestionem
1114 3605 1169 3641 nou
1264 3630 1268 3649 ,

128 3685 231 3732 prorsus
243 3675 364 3724 omittere
376 3675 493 3736 debebat,
508 3676 609 3724 scilieet
623 3674 667 3737 qui
685 3678 786 3733 tandem
802 3679 896 3726 iactum
913 3680 992 3742 esset,
1008 3682 1038 3728 nt
1051 3677 1080 3728 ia
1095 3691 1169 3739 praa·

128 3764 227 3806 sentem
249 3759 365 3809 ordinem
376 3762 456 3811 'vitae
473 3745 601 3810 Plutarchi
621 3763 810 3824 redigerentur.
851 3764 909 3827 Ego
926 3764 1045 3825 equidem
1060 3764 1109 3814 vix
1126 3777 1169 3813 nra

127 3856 232 3905 possum
255 3848 386 3898 continere
404 3848 466 3910 quin
488 3850 647 3898 ocrrhsienter
663 3864 826 3916 asseverem,
854 3844 989 3914 magistros
1004 3854 1054 3902 hoc
1072 3855 1168 3902 Bonus-

127 3943 188 3979 nam
209 3932 369 3982 iuventutern
394 3934 509 3996 linguam
526 3925 650 3983 Graecam
669 3937 792 3986 docentes
809 3924 1087 4001 effecisse,-qnoniam
1105 3939 1169 3989 solis

128 4016 249 4085 Gracchis
270 4020 384 4077 exceptis
401 4021 519 4083 Romani,
540 4035 649 4079 quorum
671 4023 738 4073 vitss
758 4025 910 4075 Plutarchus
931 4025 1052 4088 scripsit,
1072 4039 1106 4074 ex
1124 4039 1169 4074 or·

125 4102 188 4153 dine
210 4111 352 4164 temporum
368 4111 440 4156 recte
464 4107 582 4169 dispositi
601 4113 669 4159 sunt.

938 4195 959 4257 4

395 4262 405 4295 l
