2602 4606
136 260 205 317 vut

242 426 368 528 Atque
396 449 527 503 eorum
556 429 702 527 primus
733 428 885 528 quidem
920 427 1088 505 studium
1114 429 1189 535 fuit

141 589 256 681 atque
277 579 428 658 invidia
445 579 669 677 aequalium
716 579 862 681 Quippe
885 576 1117 681 temporibus
1142 580 1188 654 il-

140 732 189 819 lis
213 732 548 811 turbulentissimis
574 733 672 809 unus
697 735 854 833 quisque
886 733 1056 808 alterutri
1086 737 1188 832 parti

142 906 186 969 se
210 884 408 978 adiunxit,
437 887 630 963 solitarius
653 896 926 986 separatusque
952 907 977 960 a
998 840 1189 958 communi

36 1046 78 1113 .’
134 1020 437 1116 malo‘eivitatis
470 1043 627 1116 secessit
655 1062 778 1115 uento.
831 1039 971 1113 Verum
997 1060 1092 1112 curn·
1112 1060 1189 1110 non
1280 1032 1283 1039 ’

26 1196 48 1301 Ἰ
142 1193 260 1306 muris
274 1192 549 1299 manibusque,
574 1189 645 1267 sed
665 1191 793 1287 lingua
819 1200 931 1290 atque
954 1191 1083 1269 verbis
1108 1200 1216 1264 tum

52 1398 57 1405 .
86 1350 89 1357 ’
143 1291 369 1421 intentive
394 1349 645 1443 pugnaretur,
678 1344 760 1417 fieri
782 1365 859 1416 non
879 1344 1004 1439 potuit
1022 1343 1115 1441 quin
1141 1342 1192 1417 ad
1251 1330 1259 1357 ⁸

143 1495 248 1571 viros
279 1518 448 1574 summos
481 1508 548 1573 aut
585 1456 870 1570 calumniandos
901 1494 1199 1594 vituperandos

28 1634 42 1747 ‘s
69 1612 88 1753 Ἰ
146 1664 221 1745 que
251 1660 321 1725 aut
346 1648 591 1725 celebrandos
625 1643 958 1747 defendendosque
988 1648 1119 1724 multa'
1136 1648 1193 1723 fa·
1273 1746 1276 1751 ⁴

24 1790 27 1799 ’
146 1809 231 1876 tete
252 1778 320 1875 ant
334 1800 536 1875 inhoneste
562 1776 664 1873 diota
685 1796 834 1873 factave
853 1798 1116 1871 invenirentur
1136 1809 1194 1872 at-

146 1922 221 2051 que
245 1953 542 2051 divulgarentur,
561 1973 657 2051 quae
682 1950 878 2025 bominum
901 1961 1037 2050 postea
1058 1953 1194 2028 viven-

23 2108 26 2115 '
119 2102 244 2194 .tium
268 2086 472 2189 ,eredulitab
503 2117 544 2180 et
569 2074 702 2200 religio
734 2102 781 2177 ab
794 2102 996 2179 oblivione
1023 2094 1209 2180 mnffica-'
1259 2132 1262 2137 ·

148 2254 218 2329 vit
268 2255 385 2356 idque
401 2257 650 2333 Demostheni
671 2279 768 2356 prae,
787 2256 873 2330 aliis
895 2256 1097 2351 contigisse
1117 2277 1196 2329 non
1230 2302 1233 2309 ·

88 2484 95 2491 ,
147 2372 345 2485 mirabitur
367 2411 432 2510 qui
456 2421 834 2511 reputet‚·quantum
855 2408 922 2482 ille
951 2409 997 2483 iu·
1020 2408 1194 2484 omnibus

83 2570 90 2581 ‘
149 2557 283 2661 rubus,
319 2532 588 2661 sola3exoepts
619 2559 753 2632 bellica
780 2560 942 2649 virtute,
957 2548 1196 2658 aequalibus

149 2696 430 2786 suisvomni'bus
454 2710 687 2811 praestiterit
695 2726 719 2784 t·
740 2730 909 2786 summus
934 2708 986 2785 in'
1002 2711 1198 2811 republica
1236 2680 1239 2685 ι

85 2897 95 2905 -
149 2860 271 2953 heus,
300 2864 463 2964 patriam
488 2859 738 2971 conservandi
762 2820 985 2938 intentussa
1006 2864 1196 2958 voluntas,
1263 2882 1273 2894 ·

53 3100 56 3105 ,
134 2980 271 3088 'animi
300 3038 345 3089 ao
375 3032 526 3096 morum
549 3010 718 3116 probitas
746 3014 994 3107 intemerata,
1019 3016 1199 3117 eloquen-

150 3164 230 3239 tiae
257 3168 318 3244 vis
343 3168 630 3281 insuperabilia,
658 3168 891 3243 omnia-tam
914 3170 1119 3266 praeclara,
1141 3182 1196 3266 ut,

149 3316 217 3414 qui
242 3316 302 3395 ab,
316 3319 438 3396 alteia
454 3333 562 3419 parte
587 3332 751 3410 starent,
780 3320 954 3394 homines
978 3320 1199 3419 plerumque

151 3468 212 3544 tui
244 3468 356 3566 quam
394 3474 542 3571 patriae
583 3472 832 3561 amantiores,
872 3490 1088 3568 quanquam
1121 3492 1198 3543 non

150 3590 232 3695 tam
251 3619 390 3697 abiecti
410 3627 493 3702 sive
511 3580 621 3700 stulti
652 3614 698 3698 ut
724 3620 850 3701 videri
874 3644 944 3722 pro
966 3624 1092 3721 patria
1112 3644 1200 3723 pro-

18 3754 21 3761 ’
150 3790 321 3873 pugnare
339 3766 495 3875 nollent,
512 3764 832 3879 peropportunam
853 3742 1200 3850 hennentonam-

93 3930 97 3938 '
133 3922 298 4016 aniandi,
313 3926 535 4020 mentiendi,
551 3896 790 4003 conviciandi
809 3920 1043 4000 ooeasione'm
1060 3947 1105 4038 ao
1125 3925 1200 4003 lar-

152 4075 347 4171 glssimam
361 4072 592 4158 -tuateriom
650 4078 879 4189 inquibus,
911 4079 1090 4177 quomam
1113 4076 1201 4155 reli·
