2572 4590
156 438 284 502 modate
310 441 460 522 inventa,
495 438 633 525 plurima
664 439 704 504 ab
731 439 866 504 historia
895 437 990 525 plana
1021 438 1201 505 abhorrere

158 555 288 627 tamque
307 541 509 628 impudenter
530 539 607 605 ficta
628 554 723 629 atquc
746 543 899 607 ementita
919 563 1001 624 esse,
1023 557 1062 608 ut
1078 558 1200 628 ¹sponte

159 659 331 728 appareat,
363 659 508 737 auctores
534 647 622 732 ipsos
653 668 692 708 ca
719 647 849 708 minime
878 666 938 729 pro
967 649 1056 709 veris
1083 636 1201 710 haberi

157 744 317 827 voluisse,
348 747 405 810 sed
428 746 860 811 tantumdeolamationihus
882 750 950 810 suis
972 762 1201 833 argumentum

123 870 197 933 ,pac
219 869 336 913 nomen
362 848 488 914 illustre
511 851 726 936 quaesivisse,
759 863 795 913 ut
817 844 923 935 mag'is
947 849 1208 935 exsplendesce·.

157 965 231 1015 rent
249 954 375 1039 ipsique
396 966 557 1017 ostentare
578 967 711 1039 possent
736 973 869 1017 acumen
890 955 1028 1037 ingenii,
1050 975 1114 1039 quo
1136 976 1200 1021 ex·

157 1054 306 1139 peditent
332 1076 367 1118 se
390 1077 435 1119 ex
459 1077 495 1118 re
518 1053 666 1118 omnibns
689 1053 819 1118 fabulae
841 1057 1050 1141 veritatisque
1072 1055 1199 1145 laqueis

157 1143 323 1221 nfirifice'
314 1160 448 1224 irretita.
500 1155 595 1233 Quod
618 1179 719 1244 genus
743 1156 984 1222 declamationis
1013 1171 1049 1221 ut
1072 1161 1199 1223 exerci-

158 1262 289 1330 tationis
310 1283 424 1325 caussa
445 1263 611 1325 inventum
633 1263 763 1325 minime
785 1260 1020 1343 damnaverim,
1050 1265 1126 1347 quia
1147 1264 1197 1325 in·

140 1364 288 1448 ¹‚genium
306 1363 401 1428 valde
418 1378 550 1429 exercet
571 1378 666 1451 atque
687 1366 784 1445 acuit,
806 1365 881 1448 dum
899 1386 970 1427 non
987 1377 1109 1427 temere
1124 1386 1199 1450 gar·

155 1465 303 1530 tiendum
326 1468 509 1553 quicquid'
499 1490 534 1531 ιιι
558 1465 710 1551 buccam,
738 1467 795 1530 sed
822 1469 930 1530 omnia
955 1468 1152 1553 prudenter·
1149 1466 1199 1529 ·ad

130 1581 276 1632 certam
306 1567 445 1670 aliquam
471 1566 686 1656 firmamque
684 1591 830 1635 normam
853 1570 1021 1656 dirigenda
1050 1573 1131 1651 sint,
1162 1580 1212 1640 ut,

157 1668 298 1756 aliquam
331 1685 418 1736 certe
449 1688 502 1736 res
532 1675 678 1738 veritatis
708 1676 847 1759 speciem
880 1675 1099 1746 nanciscatur3
1135 1694 1197 1758 quo

154 1776 306 1859 pertinet,
327 1788 364 1839 ut
384 1796 492 1855 rernm
513 1789 678 1863 gestarum
701 1777 780 1840 ordo
802 1789 959 1857 servetur,
981 1789 1018 1838 ut
1034 1776 1083 1838 ad
1105 1796 1197 1838 suum

73 1894 75 1898 ’
155 1874 316 1963 quemque
345 1879 511 1962 ingenium
541 1878 779 1941 accommodate
807 1874 989 1962 loquentem
1018 1876 1116 1940 faciat
1144 1876 1198 1940 dc·
1244 1898 1248 1902 ·

156 1975 325 2055 clamator,
352 1992 488 2063 atquae
510 1995 584 2044 sunt
607 1979 736 2043 similia.
782 1976 876 2054 Quod
901 1981 962 2042 etsi
982 1976 1094 2042 infimo
1117 1992 1196 2043 tem-

155 2101 237 2164 pore
258 2078 338 2142 adeo
359 2079 544 2164 neglectum
566 2094 625 2157 est,
648 2094 684 2144 ut
705 2084 739 2144 in
759 2084 838 2166 ipsis
860 2080 900 2143 de
918 2095 988 2144 arto
1011 2082 1138 2165 scriptis
1156 2079 1197 2144 li-

154 2179 224 2245 bris
247 2203 267 2243 a
287 2181 549 2268 praeceptoribus
571 2184 678 2246 omnia
700 2184 827 2247 misceri
849 2185 1089 2267 permitteretur
1112 2185 1197 2262 ¹3⁵),

157 2287 324 2370 superiore
345 2296 452 2348 tamen
476 2287 656 2349 accuratius
677 2283 884 2350 observatum
907 2307 978 2348 esse
1005 2285 1121 2367 docent
1142 2273 1197 2346 dc>

155 2386 384 2453 clamationum
411 2386 506 2451 modo
534 2385 738 2451 laudatarum
770 2411 852 2474 quae
883 2401 1016 2469 extant,
1051 2390 1196 2472 inprimis

81 2556 88 2580 Ι
154 2489 298 2573 Libanii,
318 2491 382 2555 viri
404 2492 445 2552 in'
459 2490 595 2553 historia
614 2489 702 2554 illius
726 2492 880 2574 temporis
903 2488 1132 2564 verdatissim13
1150 2487 1197 2552 ibi

156 2595 242 2657 enim
265 2594 373 2657 omnia
395 2605 482 2655 recte
503 2595 589 2656 inter
617 2615 653 2658 sc
680 2580 875 2685 aptantque
899 2615 988 2656 nexa
1010 2606 1102 2673 sunt,
1136 2600 1220 2657 suo'
1253 2584 1261 2610 ⁸

155 2697 303 2783 quodque
332 2696 603 2782 ordine‘positum
633 2709 699 2773 est,
728 2694 809 2759 nihil
837 2711 1046 2781 praepostere
1073 2697 1195 2760 incidit.

96 2848 98 2854 .
155 2797 330 2862 Praeterea
350 2820 452 2884 genus
474 2798 554 2863 illud
575 2798 817 2862 declamationis
845 2821 903 2884 per
927 2820 962 2862 se
988 2784 1116 2886 quoquo
1137 2798 1196 2863 ha-

154 2900 210 2967 bet
235 2921 298 2987 qno
319 2903 577 2976 commendatum
604 2901 739 2966 mirifico
761 2903 846 2965 enim
869 2897 994 2965 animris
1021 2902 1081 2965 hac
1102 2898 1196 2966 labn-

154 3004 226 3070 losa
246 3006 384 3069 veritato
408 3004 561 3069 delectari
583 3005 684 3083 solet,
708 3007 899 3092 praesertim
920 3004 977 3069 ubi
1005 3019 1118 3070 auctor
1143 3007 1195 3069 in-

155 3110 290 3196 geniosa
312 3104 476 3172 rei‘fictae
497 3111 689 3171 tractatione
712 3106 823 3190 efficit,
849 3120 884 3171 ut
906 3115 1015 3171 reram
1039 3128 1103 3171 non
1124 3128 1196 3170 osso
1267 3170 1270 3177 ,

155 3233 253 3297 aegre
275 3209 335 3275 tibi
356 3208 544 3295 persuaderi
566 3211 699 3294 patiare.
752 3211 859 3297 Atque
886 3206 946 3275 ho'c
970 3211 1098 3297 quidem
1119 3232 1195 3274 raro
1246 3278 1250 3285 ,

20 3342 25 3361 ·
92 3341 99 3347 ·
156 3312 197 3377 ab
218 3316 359 3401 antiquis
382 3310 564 3377 rhetoribus
586 3312 736 3376 effectum
759 3328 819 3395 est,
839 3335 935 3399 quam
959 3309 1086 3400 culpam
1106 3325 1195 3377 acta·

102 3409 105 3413 ’
155 3418 197 3478 tis
227 3438 298 3480 esse
330 3416 416 3480 dicas
438 3406 572 3479 nimium
600 3417 664 3478 iam
694 3437 714 3477 a
739 3418 859 3480 virtute
884 3420 1042 3481 maiorum
1071 3413 1195 3480 abalie-

135 3531 269 3593 ,notae3
298 3539 426 3609 semper
446 3519 531 3583 enirn
553 3517 622 3581 fera
644 3517 744 3583 nimia
768 3517 940 3585 verborum
962 3522 1057 3607 copia
1076 3539 1194 3605 genus-

223 3803 287 3865 125)
309 3808 401 3857 Matth.
421 3785 559 3862 cantariot.
581 3811 642 3873 cpit.
660 3811 726 3860 rhet.
745 3824 786 3872 ap.
806 3811 891 3859 Waiz.
910 3814 928 3861 t.
946 3813 989 3861 Vi.
1012 3827 1037 3873 p.
1056 3807 1154 3863 60ῦῖ
1139 3826 1194 3863 sors

53 3874 58 3881 ’
154 3889 181 3942 δὲ
199 3910 242 3941 uo
233 3884 324 3942 olla
341 3866 539 3964 orposslqptntcxc'c
558 3896 629 3963 reliq,
651 3892 726 3964 ἔγγὺς
740 3892 823 3961 μὲν’
808 3892 970 3958 ασυστᾶτων,
987 3868 1150 3963 Meroetica
1165 3896 1194 3947 δὲ

153 3975 298 4057 δυνάμενα·
319 3978 421 4046 πρῶτον
437 3979 467 4035 τὸ
487 3985 711 4055 incompacta·-
730 3979 848 4052 δεύτερον
865 3979 896 4034 τὸ
916 3975 1110 4037 sandaloococ
1135 3985 1194 4034 otor

91 4122 100 4131 ἱ
150 4059 217 4129 μετὰ
243 4062 291 4130 τὴν
310 4069 407 4118 Νικίου
425 4065 564 4139 ἐπιστολὴν
581 4063 677 4140 ypapat
701 4090 741 4130 τις
758 4071 867 4121 Κλέωνα
891 4074 1058 4136 στρατηγεῖν·
1083 4071 1194 4134 τέθνηκε

125 4144 199 4220 -γὰρ
216 4147 231 4203 ὅ
248 4150 339 4204 Κλέων
361 4149 412 4220 πρὸ
431 4150 482 4207 τῶν
499 4151 665 4211 Σικιλικιὶν..
869 4174 874 4182 ·
