2572 4590
980 276 985 290 “
1112 274 1155 340 tl

117 455 226 518 turin
254 446 428 514 amoribus.
490 443 618 509 Deinde
640 442 827 525 recordare,
859 441 941 507 haas
966 432 1038 508 esse
1066 393 1155 532 frag}

116 567 225 620 menta
247 574 290 617 ox
314 550 508 615 narrationis
536 560 650 611 tenore
678 545 790 611 evulsa
803 547 991 631 ‘misereque
1012 544 1157 635 plerum·

117 681 181 746 que
209 640 394 733 decurtata,
422 655 471 716 ita
500 662 537 714 ut
570 668 665 736 quem
695 670 735 713 ea
757 647 928 714 looum'in
952 660 1021 714 toto
1049 654 1158 737 operis

118 760 240 826 ambitu
268 771 300 822 et
321 757 416 843 quasi
434 774 570 838 torpore
592 750 782 849 hahuerint,
806 750 966 838 'quomodo
987 773 1059 838 oum
1080 751 1158 819 reli·
1250 761 1253 767 '

118 866 190 952 quis
216 875 291 946 opta
313 874 346 924 et
365 879 472 937 noxa,
503 854 588 942 quod
612 857 776 938 scriptoris
798 854 965 918 eonsilium
987 856 1087 951 fuerit
1109 858 1158 921 di·
1200 850 1204 860 “

117 966 259 1035 vinaado
281 977 405 1028 tantum
426 952 532 1051 possis
552 960 691 1045 assequi.
725 957 982 1045 liuius-generis
1002 973 1075 1024 sunt
1093 960 1158 1027 looi

118 1072 174 1163 qui
204 1069 246 1132 ad
273 1052 454 1132 Aristidem
482 1063 645 1148 pertinent
671 1061 757 1146 apud
778 1059 947 1127 Plutarch.
977 1062 1035 1129 vit.
1059 1063 1158 1132 Arist.

119 1195 147 1238 o.
162 1178 195 1235 1.
214 1166 346 1251 καὶμὴν
367 1165 456 1249 ἄρξαι
477 1189 510 1250 ys
528 1163 581 1229 τὸν
596 1164 781 1250 Ἀριστείδην
802 1161 1008 1255 ὅἸᾷομενεῦς
1027 1162 1063 1230 ori
1084 1194 1159 1234 κυα-

118 1272 243 1358 perede,
274 1268 338 1336 ἀλλ’
363 1265 516 1348 ἑλομένων
532 1265 707 1348 Ἀθηνᾳίων
731 1267 836 1351 φησίν.
881 1266 962 1353 Hic,
986 1270 1024 1333 nt
1044 1291 1159 1339 conce·

119 1378 193 1441 dam
215 1372 389 1438 absurdum
405 1390 488 1449 osse,
509 1371 653 1454 rogitare
672 1364 951 1435 de'ohsooenitata
977 1370 1078 1437 fahali
1097 1377 1159 1456 ⁶⁴),

119 1481 258 1544 fortasse
284 1475 494 1551 Idomeneus,
527 1494 591 1557 qua
620 1484 690 1534 erat
716 1492 794 1556 erga
830 1470 913 1536 alios
945 1470 1159 1560 malignitate,

119 1584 240 1646 crimen
274 1575 457 1660 largitionis
485 1576 519 1637 in
550 1573 723 1638 Aristidem
754 1575 908 1656 coniecit,
945 1598 1008 1662 quo
1033 1595 1161 1645 remota
1223 1644 1225 1648 ,

120 1683 290 1754 sortitione
316 1677 356 1741 ad
385 1676 605 1769 illudlmunus
629 1678 841 1760 pervenisset.
884 1677 1015 1743 ¹Eadem
1036 1694 1085 1745 est
1106 1705 1161 1750 ra.
1274 1688 1278 1695 '

121 1789 167 1851 tio
196 1782 330 1849 alterins
362 1778 427 1844 loni
454 1800 524 1864 sap.
547 1779 580 1843 4.
617 1777 656 1842 δι’
679 1775 697 1844 i
724 1780 775 1842 sol
798 1778 978 1865 συναγαγών
1009 1781 1040 1869 (d
1063 1784 1161 1867 Θεμι-

121 1889 267 1971 στοκλῆς)
286 1882 419 1960 πολλοὺς
439 1883 488 1947 tul
503 1882 558 1947 τὸν
567 1881 755 1967 Ἀριστείδην
776 1883 808 1947 ἕν
828 1891 898 1956 ταῖς
918 1878 1066 1962 εὐθύναις
1084 1887 1160 1955 detd-

122 2016 188 2057 κωκ
215 1992 330 2070 κλοπῆς
362 1985 513 2067 καταδίκῃ
541 1983 734 2066 περιέβαλεν,
775 1981 817 2060 ὥς
846 2008 944 2068 φησιν
972 1984 1160 2083 Ἰδομενεύς.
1218 2052 1221 2059 ,

121 2091 254 2157 Tertius
273 2089 381 2167 locut,
402 2088 458 2172 qui
479 2084 600 2170 legitur
620 2081 697 2148 ibid.
720 2106 747 2150 o.
772 2090 821 2149 to.
844 2084 935 2151 nulla
956 2103 1032 2174 eget
1053 2093 1162 2178 expli·

73 2246 76 2250 ι
122 2197 259 2260 catione.
323 2184 529 2252 lliffieilioret
562 2184 729 2272 eliquanto
759 2187 800 2250 ad
829 2187 1162 2274 explicandumsunt

121 2298 185 2363 loci
207 2297 262 2383 qui
279 2310 473 2379 sequuntur:
495 2310 579 2363 unus
599 2291 633 2352 in
656 2291 712 2352 vit.
725 2288 845 2355 Parioi.
865 2312 892 2355 o.
909 2296 960 2374 35,
982 2294 1049 2377 nbi,
1071 2314 1162 2383 post.

122 2423 219 2489 quam
248 2399 432 2482 expositum
461 2404 511 2455 est
532 2413 595 2478 quo
625 2391 719 2454 modo
741 2391 880 2456 Periclea
909 2417 929 2456 a
953 2394 1049 2481 plebe
1077 2403 1162 2468 irata
1245 2412 1248 2416 ’

123 2503 165 2569 oh
193 2500 271 2566 belli
292 2498 456 2564 molestias
483 2496 604 2558 frustra
633 2508 798 2579 susceptas
826 2518 999 2582 oppressus
1019 2503 1161 2589 ingenti-

124 2610 188 2693 que
206 2603 347 2688 pecunia
368 2598 541 2667 muletatus
566 2598 610 2660 sit
637 2587 696 2680 (adv
717 2596 852 2687 ἀριθμὸν
874 2599 977 2664 οἶνὸν
1003 2602 1162 2687 ἐλάχιστον

123 2705 352 2781 πεντεκαίδεκα,
383 2698 569 2783 πεντήκοντα
599 2698 626 2763 δ’
656 2697 687 2761 oi
711 2697 767 2763 τὸν
795 2705 938 2764 πλεῖστον
962 2702 1160 2796 γράφουσιν),

125 2808 267 2878 additur:
297 2801 451 2888 ἐπεγράφη
465 2801 507 2866 ,δὲ
526 2804 565 2888 τῇ
587 2800 657 2884 δίκῃ
684 2797 868 2885 κατήγορος,
902 2798 945 2880 ὥς
964 2806 1022 2887 μὲν
1038 2806 1161 2893 Ἰδομε.

124 2908 196 2986 νεῦς
215 2908 307 2992 λέγει,
336 2905 454 2982 Κλέων,
479 2896 557 2983 tal„
585 2924 686 2988 quae,
719 2904 781 2967 nisi
801 2901 915 2983 fallor,
943 2908 992 2972 sin
1013 2916 1162 2996 expediri

124 3021 282 3099 possunt,
308 3019 346 3070 nt
367 3003 561 3071 Plutarchus
582 3026 626 3069 ex
647 3003 758 3091 verbis
778 3004 943 3072 Idomenei
967 3011 1002 3074 id
1023 3025 1161 3100 tantum,

126 3112 214 3203 quod
236 3110 277 3175 ad
308 3130 399 3175 suam
427 3130 497 3174 ram
524 3106 645 3196 aliquid
673 3109 852 3187 conferret,
887 3132 1005 3178 nomen
1031 3115 1163 3186 Cleonis

126 3214 350 3301 desumpserit,
373 3209 429 3277 illo
448 3232 527 3277 vero
549 3211 614 3277 alia
628 3213 736 3278 omnia
755 3213 869 3299 egerit,
890 3214 1027 3281 fortasse
1051 3240 1093 3285 er
1112 3225 1162 3309 ip·

125 3322 194 3386 sius
219 3315 359 3382 mulctae
380 3336 506 3380 summa
535 3314 576 3379 do
596 3315 693 3380 huius
715 3327 821 3379 aetate
848 3313 981 3382 luxurie
1001 3324 1162 3390 oonieetu-

125 3443 195 3488 ram
214 3421 339 3487 feeerit.
382 3417 562 3503 Supersunt
582 3417 646 3483 duo
667 3417 731 3482 looi
753 3440 800 3502 ort
813 3416 975 3486 Plutarch.
997 3425 1161 3495 vit.l)em.
1198 3445 1200 3448 ⁴

127 3548 155 3590 o.
180 3528 232 3601 15,
261 3521 319 3587 uhi
345 3523 454 3606 agitur
482 3522 523 3584 de
552 3519 754 3586 orationihus
783 3519 1010 3588 Demosthenis
1039 3539 1071 3592 et
1096 3530 1163 3596 Ae.

101 3627 246 3692 ‚achinis
268 3627 307 3690 de
326 3621 412 3688 male
426 3635 525 3723 ¹gesta
543 3621 707 3709 legatione
730 3623 822 3687 dietis
843 3644 884 3687 an
905 3627 1032 3712 seriptis
1053 3633 1163 3717 modo,

84 3716 88 3724 ⁴
128 3741 161 3791 et
186 3751 213 3793 e.
233 3734 285 3793 23.
314 3727 353 3790 da
375 3746 509 3791 numero
536 3748 647 3791 eorum
676 3746 757 3813 quos
778 3738 853 3812 post
878 3749 1009 3795 eversos
1031 3731 1163 3801 Thebas

127 3828 315 3895 Alexander
345 3826 385 3892 ah
404 3814 663 3894 ¹Atheniensibus
699 3828 782 3892 tradi
817 3829 878 3893 sihi
911 3834 1015 3900 iussit.
1073 3837 1163 3902 llaao

128 3953 254 4018 quoquo
276 3935 308 3995 in
331 3943 516 3998 transcursu
543 3931 584 3995 ab
613 3944 743 3996 auctore
767 3945 904 3997 tractata
928 3957 1000 4002 esso
1028 3939 1062 4003 in
1084 3939 1163 4005 alia.

124 4076 331 4091 Ἣ

119 4151 122 4157 “
193 4108 241 4216 hl)
258 4151 316 4205 vtt.
337 4153 448 4208 Aristar.
466 4172 508 4221 ap.
526 4157 603 4221 Dios.
620 4157 705 4208 Laeti.
723 4154 802 4210 Vlll.
821 4157 846 4223 1,
862 4155 907 4215 81.
