2572 4590
144 138 205 278 ,ι
386 196 421 249 „
555 202 716 269 ,

163 378 210 452 At
236 392 269 452 in
303 380 449 457 encomio
476 392 707 458 Demosthenis
737 394 853 458 mirum
890 383 1045 478 quantula
1075 390 1207 457 aberrat

164 503 275 557 auctor
302 492 343 557 ah
371 499 458 560 omni
487 494 784 587 verisimilitudin03
820 516 896 560 nem
924 494 1000 560 dum
1029 497 1065 560 in
1093 493 1206 582 priore

163 608 259 679 parte
278 599 395 684 raptim
417 599 574 687 quaedam
595 601 742 685 congerit
772 620 855 685 quae
879 595 1042 663 advitam
1065 599 1207 663 oratoris

164 695 365 785 aliquatenus
395 705 577 789 pertinent,
612 705 656 792 in
676 705 855 788 posteriore
882 715 1031 767 accurata
1065 701 1105 765 de
1135 703 1207 766 ains

163 800 307 866 moribus
324 804 374 889 'ac
400 818 505 872 morte
531 805 698 891 disputans
727 803 948 891 colloquentes
969 804 1046 868 iacit
1068 790 1208 889 Antipa-

165 916 256 966 trum·
272 921 368 991 atque
384 905 549 989 Archiam,
572 928 707 994 quorum
728 906 780 970 hic
802 907 842 971 ab
863 906 919 972 illo
939 904 1206 986 Demosthenem,

167 1017 317 1093 tanquam
344 1012 450 1075 virum
472 1013 589 1076 summi
617 1011 851 1075 aestimandum
881 1025 914 1075 et
935 1013 1049 1097 quovis
1068 1013 1207 1096 pignore

165 1112 371 1192 serrandum,
400 1115 512 1179 vivum
535 1115 820 1179 adducereiussus
841 1135 877 1178 ro
897 1114 1019 1178 iniecta
1041 1113 1082 1177 ad
1105 1113 1207 1177 domi·

166 1232 244 1276 num
262 1218 437 1314 revertitur
459 1231 492 1281 et
514 1203 651 1282 mortem
676 1219 814 1282 oratoris
837 1218 974 1281 nuntiat.
1029 1213 1102 1291 Quo
1124 1236 1206 1279 nun·

167 1316 363 1409 tioaccepto
389 1320 439 1382 ira
460 1316 574 1382 leviter
590 1318 761 1404 Antipater
782 1318 1090 1399 excandescit,‘sed
1112 1318 1206 1399 mo'x,

66 1440 68 1444 ·
166 1437 239 1481 cum
260 1418 398 1484 Archias
426 1419 510 1485 hanc
531 1419 669 1485 subitam
691 1421 809 1485 mentis
830 1422 1039 1484 mutationem
1068 1420 1209 1486 admira·-
1244 1450 1246 1457 ·

152 1533 229 1602 tur,
251 1522 286 1587 in
310 1521 443 1609 longam
464 1522 695 1591 Demosthenis
715 1522 935 1588 laudationem
956 1525 1110 1608 erumpit,
1137 1525 1208 1589 siv'e

166 1626 276 1709 potius
296 1647 335 1690 ea
358 1629 507 1692 decantat
529 1649 611 1714 quae
633 1629 667 1692 in
689 1627 906 1692 eius'laudem
925 1649 945 1691 a
961 1625 1110 1713 Philippo
1131 1625 1208 1711 olim

81 1809 83 1813 Ι
167 1726 253 1791 dicta
274 1714 434 1814 accepisse
456 1733 571 1806 iactat,
592 1751 695 1816 nsque
718 1751 757 1793 eo
781 1729 857 1792 dum
881 1728 1122 1793 defervescente
1145 1730 1209 1792 ium

168 1843 261 1895 aestu
289 1834 444 1897 orationis
473 1830 609 1898 Archias
635 1833 742 1917 prodit
769 1841 802 1894 et
834 1844 987 1918 tanquam
1016 1834 1145 1896 nuntius
1174 1835 1208 1897 in

169 1934 335 2018 tragoedia
352 1933 519 2000 historiam
543 1937 582 1999 dc
603 1934 693 1999 obitu
708 1932 939 1999 Demosthenis
961 1935 1085 1999 recitat.
1118 1934 1210 1999 Haeo

169 2028 265 2123 qulam
281 2049 403 2100 temere
424 2035 500 2101 ficta
523 2039 587 2101 sint
608 2039 713 2123 quivis
731 2033 896 2120 intelligit,
919 2059 978 2101 nec
997 2038 1103 2122 magis
1123 2039 1210 2123 quis·

168 2158 266 2223 quam
297 2137 371 2203 huic
399 2137 522 2203 fictioni
552 2160 693 2225 unquam
724 2135 823 2203 fidem
855 2137 969 2201 hahuit
1002 2160 1042 2201 ao
1074 2140 1103 2202 si
1138 2140 1211 2225 quis

71 2280 75 2291 ‹
131 2327 133 2332 Ι
168 2238 327 2317 finxisset,
351 2240 400 2306 'ad
419 2240 615 2307 Salaminem
639 2230 855 2306 Athenienses
877 2263 897 2304 a
920 2240 1056 2322 Xerxe,
1084 2241 1126 2305 ad
1149 2241 1214 2307 Ara

169 2343 245 2411 bela
269 2340 493 2412 Alexandrum
523 2366 543 2407 a
564 2343 668 2409 Dario
688 2345 806 2408 victum
835 2365 916 2408 esse.
947 2343 1009 2431 ssEr
1033 2345 1104 2428 ipse
1118 2342 1213 2436 ¹quo·

167 2470 236 2536 quo
262 2464 372 2514 auctor
403 2462 559 2535 quantum
586 2449 739 2533 ineptiret
768 2432 885 2524 sensit3
925 2446 1010 2532 quod
1040 2462 1076 2510 ut
1103 2446 1212 2534 aliquo

170 2565 257 2616 certo
280 2553 375 2616 modo
399 2565 572 2616 excusaret
596 2554 656 2613 nec
678 2552 747 2614 sino
762 2551 857 2613 'omni
879 2550 1005 2613 ratione
1026 2570 1094 2613 rem
1119 2570 1213 2615 suam

172 2677 271 2741 agere
292 2655 468 2736 videretur,
491 2652 661 2718 fictionem¹
674 2652 805 2717 fictione
825 2651 1039 2718 confirmavit.
1084 2650 1214 2739 Quippe
1258 2635 1262 2651 ⁸

170 2779 239 2842 cap.
261 2760 314 2820 26.
335 2754 576 2843 Thersagoras,
605 2746 850 2834 Μακεδόνικοῖς,
880 2751 978 2834 εἶπεν,
1002 2754 1134 2838 ἐντυχών
1155 2760 1214 2836 τῆς

171 2861 333 2940 βασιλικῆς
355 2858 453 2933 οῖκίας
474 2855 691 2940 ὑπομνήμασι,
716 2857 767 2921 καὶ
788 2853 857 2922 τότε
878 2853 1083 2939 ὑπερησθεὶς,
1105 2854 1141 2920 sd
1162 2862 1214 2938 ’ῥἰ·

172 2961 260 3044 ,illos
290 2959 327 3023 od
347 2957 426 3023 κατὰ
452 2957 601 3044 πάρεργον
628 2956 815 3041 ἐκτησάμην,
848 2959 899 3022 καὶ
927 2963 984 3023 νῦν
1008 2955 1215 3043 ὑπεμνήσθην

59 3136 63 3140 ,
173 3061 250 3147 ἔχων
278 3060 391 3126 οἴκαδε.
420 3059 585 3145 γέγραπται
613 3057 646 3123 d'
669 3058 756 3127 ,ἄλλα
783 3083 814 3125 τε
840 3063 903 3124 τῶν
920 3057 1109 3145 Ἀντιπάτρῳ
1134 3083 1214 3143 πρα·

130 3159 131 3162 “
170 3163 313 3247 χθέιτων
341 3162 389 3227 ἐπὶ
407 3166 463 3242 τῆς
484 3160 582 3234 οἰκίας
602 3160 653 3222 καὶ
676 3161 744 3244 περὶ
765 3161 1010 3243 Δημοσθένους,
1041 3159 1059 3241 d
1084 3186 1140 3244 μοι
1158 3164 1216 3226 do-

173 3274 244 3342 κεΐς’
265 3265 320 3331 οὐκ
348 3261 386 3328 dv
410 3263 567 3347 παρέργως
596 3260 743 3342 ἀκοῦσαι,
775 3266 874 3353 immo
895 3284 966 3349 cap.
984 3265 1040 3329 44.
1065 3264 1213 3348 Archias,

174 3390 215 3434 ne
236 3366 359 3434 diffidat
379 3364 557 3452 Antipater
577 3367 761 3430 memoriter
791 3365 1073 3433 omnia'recitanti
1097 3370 1215 3456 (quali-

176 3493 271 3559 quam
292 3473 401 3536 scitius
420 3469 481 3533 hoc
499 3467 611 3533 auctor
631 3472 1013 3556 eo'excusarepotera't,
1033 3471 1117 3558 qnod
1136 3470 1241 3537 olimt

176 3574 313 3641 Archias
338 3572 521 3638 fabularum
552 3585 641 3636 actor
669 3565 802 3654 fuerat),
832 3578 963 3637 catedra
991 3573 1090 3638 πολλὰ
1118 3572 1215 3663 diepa·

176 3674 227 3741 ael
240 3676 297 3760 γὰρ
318 3667 371 3740 οὖν
385 3675 583 3763 ὗπογραφὲᾳς
601 3671 854 3762 παρεστησάμην,
874 3673 928 3736 ἵνα
946 3699 994 3738 σοι
1008 3675 1048 3739 τὰ
1064 3676 1216 3757 λεχθέντα

176 3775 312 3857 σώζοιτο.
361 3776 486 3842 Verum
514 3776 575 3843 hoc
603 3790 653 3843 est
674 3777 815 3863 ineptias
836 3776 966 3860 ineptiis
994 3798 1215 3864 compensare,

180 3923 378 3935 ...ἡ-ιι·

177 4016 312 4064 lincares
335 4016 379 4066 vit.
398 4017 512 4078 Thucyd.
530 4033 554 4079 p.
566 4017 596 4068 ll
618 4032 672 4080 sqq.
709 4018 780 4069 Addo
797 4019 891 4067 Busan
911 4018 951 4069 ed.
972 4021 1069 4075 ilerod.
1090 4025 1110 4071 t.
1129 4023 1171 4070 tv.
1189 4036 1215 4081 ιι.

174 4099 228 4151 380
245 4117 300 4162 sqq.
1115 4099 1118 4103 ’
