2572 4590
1084 282 1141 357 ,lc

98 449 247 527 deantur,
271 468 335 547 quo
356 448 533 537 pertinent
543 453 657 513 caussa
678 446 895 513 damnationis
915 425 1140 531 Phocensium,

97 573 236 617 coronae
249 540 420 632 laureae,
446 546 625 636 Cassopia,
661 549 740 633 alia3
780 573 911 638 exque
943 546 1078 615 efficitur
1104 566 1141 618 ut

99 656 179 722 alios
207 656 381 743 scriptores
403 670 561 745 sequutus
587 658 628 721 sit
649 654 830 735 Diodorus,
855 655 937 720 alios
957 655 1141 742 Pompeius.

98 758 164 824 Sed
186 762 240 859 qui
259 760 381 824 fuerint
401 780 483 847 quos
504 758 669 843 excerpsit
688 754 861 846 Pompeius
886 756 1057 823 obscurum
1080 772 1140 839 est,

97 863 172 948 quia
194 850 305 926 eorum
331 859 440 926 nullus
461 862 647 925 nominatur
674 858 840 949 multaque
869 862 1062 946 epitomator
1083 883 1141 947 op-

94 969 229 1052 pressit,
262 988 308 1030 ex
336 965 453 1053 quibus
483 966 667 1029 coniectura
694 960 768 1030 fieri
794 967 963 1053 potuisset
1011 962 1141 1059 Verum
1168 970 1176 993 i

97 1080 204 1132 tamen
232 1071 260 1132 si
285 1068 405 1132 relictis
427 1065 563 1152 singulis
589 1078 717 1152 partem
746 1088 809 1155 qua
839 1070 1017 1131 continetur
1038 1066 1141 1132 histo

95 1175 144 1236 ria
164 1170 341 1258 Philippica
362 1179 515 1257 tanquam
535 1178 638 1233 totum
661 1183 694 1234 et
714 1192 831 1256 corpus
852 1160 981 1256 aliquod
998 1183 1141 1234 contem-

49 1316 53 1326 ·
94 1272 222 1361 plemur
242 1297 280 1339 ac
300 1288 506 1360 reputamus,
530 1286 653 1360 quauta
673 1274 715 1338 sit
733 1274 794 1359 yis,
818 1273 953 1348 ferocia,
977 1275 1139 1354 atrocitas,

94 1379 155 1454 ira,
181 1380 368 1457 acrimonia,
391 1362 454 1463 qua
468 1374 614 1440 Iustinus
628 1372 812 1462 Philippum
830 1376 1015 1460 proscindit,
1038 1374 1141 1440 Grae·

96 1500 206 1548 corum
231 1481 405 1565 ignaviam·
421 1479 576 1564 castiget,
603 1478 736 1542 victoris
760 1475 949 1563 superbiam,
966 1479 1141 1541 victorum·

19 1590 22 1594 “
96 1603 158 1667 que
173 1580 365 1666 populorum
383 1579 585 1644 calamitates
607 1602 645 1644 ac
661 1581 808 1645 miserias
823 1577 986 1660 describit,
1007 1592 1038 1642 et
1058 1600 1141 1667 quae

95 1696 170 1746 sunt
192 1681 320 1762 similia,
335 1685 396 1746 vix
413 1703 587 1768 possumus
609 1704 669 1747 uos
691 1683 855 1748 continere
874 1683 951 1768 quin
971 1682 1006 1745 in
1028 1702 1141 1746 eorum

94 1777 290 1848 senteutiam
308 1786 537 1867 concedamus,
571 1786 626 1870 qui
650 1783 732 1849 haec
754 1807 800 1848 ex
821 1782 1028 1877 Theopompi
1048 1768 1140 1847 Phil-

94 1887 210 1972 ippicis
239 1885 384 1972 profecta
410 1907 481 1950 esse
506 1888 688 1971 opinantur.
738 1882 833 1951 Unda
859 1908 939 1950 vero
962 1885 1140 1972 prodierint

94 2010 177 2075 quae
198 1987 219 2051 l.
241 1987 261 2053 l.
283 1988 323 2053 de
345 1987 569 2072 Demosthene
598 1988 684 2053 dicta
710 2000 804 2069 sunt,
833 1988 954 2053 lrustra
977 1990 1140 2075 quaesivi3

92 2093 251 2176 prodiisse
275 2112 315 2154 ea
335 2103 444 2156 tumen
474 2111 515 2154 ex
542 2091 632 2157 fonte
661 2091 746 2155 haud
772 2089 902 2177 vulgari
927 2105 1035 2176 patet,
1066 2112 1140 2156 oum

92 2194 213 2257 referat
233 2192 374 2258 Iustinus
395 2191 649 2259 Demosthenem
671 2193 814 2281 Megaris
838 2192 1011 2275 exulasse,
1043 2212 1140 2280 quem
1248 2199 1250 2203 ’

91 2294 223 2382 plurimi
246 2310 322 2361 tune
345 2294 517 2360 Troezene
537 2298 608 2360 sive
629 2295 777 2380 Aeginae
800 2296 902 2359 luisse
931 2297 1081 2375 tradunt,
1106 2309 1140 2361 et

92 2398 292 2483 Hyperidem
320 2396 467 2484 legatum
503 2400 538 2463 in
570 2397 829 2484 Peloponnesum
860 2410 1031 2484 sequutum
1066 2418 1138 2463 esse

22 2565 30 2572 ,
92 2522 214 2587 suaque
243 2499 426 2589 eloquentia
448 2499 603 2585 Sicyone,
631 2505 739 2586 Argos
763 2512 796 2563 et
820 2496 1012 2565 Corinthum
1032 2492 1137 2566 Atho·

91 2602 256 2666 aiensibus
278 2605 436 2684 iunxisse,
460 2624 534 2668 cum
556 2626 601 2668 er
621 2602 803 2687 Phylarcho
827 2603 914 2689 apud
933 2600 1022 2668 Plnt.
1038 2602 1136 2669 Deru.

92 2727 119 2770 c.
134 2709 186 2770 27.
207 2718 334 2769 constet
356 2716 482 2770 tantum
501 2708 536 2768 in
556 2705 697 2770 moedis
719 2726 796 2769 eum
814 2724 886 2795 oyrm
907 2704 1033 2791 Python
1053 2728 1139 2793 pug-

91 2828 204 2889 nasse,
237 2829 301 2893 quo
329 2807 476 2894 legatum
505 2804 718 2891 Polyenctum
748 2809 882 2897 missum
912 2828 985 2875 esse
1015 2807 1136 2895 legitur

92 2910 178 2995 apud
201 2911 295 2975 eund.
320 2912 354 2974 in
376 2913 449 2976 vitt.
471 2908 541 2974 dac.
565 2922 662 2976 oratt.
683 2921 715 2997 p:
738 2912 802 3007 διδ
825 2908 864 2977 C.
919 2928 921 2933 ·
965 2945 968 2951 ·

175 3008 245 3075 Iam
269 3013 376 3077 missis
398 3011 554 3077 historiae
576 3011 787 3099 scriptoribus
813 3013 855 3077 ad
876 3011 1018 3099 reliquos
1047 3026 1138 3078 tran-

88 3132 148 3177 seo
170 3115 255 3179 varii
270 3115 405 3200 'generis
428 3128 592 3198 auctores,
614 3137 671 3182 eos
691 3118 884 3208 praesertim
905 3114 1024 3202 quibus
1044 3115 1136 3181 Plut-

91 3215 209 3280 archus
237 3217 272 3281 iu
299 3218 369 3282 vita
396 3216 629 3285 Demosthenis
657 3219 827 3284 scribenda
856 3232 935 3306 usus
969 3230 1029 3281 est·
1087 3219 1136 3293 rio
1246 3227 1250 3233 '

90 3311 238 3405 primum*
257 3321 370 3406 paucis
400 3319 499 3385 liceat
528 3323 687 3408 attingere
713 3320 916 3398 levissimos,
951 3320 1135 3385 comicos

91 3435 256 3506 poetas,
277 3425 343 3509 qui,
367 3444 550 3510 quanquam
568 3424 659 3490 nulla
680 3425 749 3490 fere
771 3427 806 3490 iu
826 3421 924 3487 rebus
947 3424 1040 3487 seriis
1059 3444 1135 3488 auc·

92 3527 205 3588 toritas
232 3526 278 3586 eis
307 3525 407 3591 tribui
429 3525 529 3610 solet,
557 3530 688 3593 minima
712 3540 819 3593 tamen
841 3539 993 3611 tauquam
1015 3523 1135 3591 nullius

92 3627 185 3708 pretii
206 3638 305 3692 testes
317 3628 507 3713 repudiandi
527 3643 618 3706 sunt3
640 3650 777 3716 namque
799 3646 925 3692 summa
944 3625 1135 3715 plerumque

92 3727 127 3789 in
145 3728 215 3790 ioco
237 3731 379 3813 veritas,
407 3753 513 3818 nequo
536 3734 711 3796 comici.in
735 3728 980 3815 proscindendis
1008 3729 1135 3795 civibus

94 3828 178 3914 quod
204 3851 335 3913 prorsus
363 3830 405 3897 ab
433 3855 470 3897 re
500 3846 534 3896 et
564 3836 701 3897 veritate
731 3831 920 3897 abhorreret
945 3828 1134 3918 fingendum

93 3929 155 3994 sihi
177 3932 362 4013 sumebant,
387 3935 443 4000 sed
468 3936 502 3998 id
525 3950 648 4000 tantum
670 3933 799 4020 publico
820 3932 1005 4021 cduspectui
1027 3957 1065 3999 ac
1086 3935 1133 3998 ri·

93 4034 144 4097 sui
166 4035 394 4118 exponebant,
427 4038 512 4122 quod
536 4052 591 4101 aut
615 4047 675 4123 per‘
695 4059 730 4101 se
751 4036 918 4123 probabile
940 4053 995 4101 aut
1016 4056 1134 4100 revera

94 4148 211 4219 actum,
236 4136 366 4218 dictum,
389 4139 532 4203 auditum
557 4152 662 4222 esset,
684 4137 760 4204 licet
780 4152 876 4228 prout
897 4141 1010 4226 cuique
1029 4137 1132 4203 libido

880 4243 909 4303 «ρ,
922 4247 944 4285 s
