2572 4590
1087 258 1170 328 ⁴co

119 447 199 500 stret
220 438 276 522 qui
296 423 414 499 iactum
433 436 486 517 sit,
505 445 542 498 ut
558 436 592 497 in
613 444 680 497 tam
701 433 831 501 ioedum
848 452 990 497 errorem
1011 445 1047 498 et·
1062 429 1170 498 Lttm·
1189 477 1193 483 -

82 554 85 559 ’
117 541 206 626 prins
240 553 271 604 et
300 538 455 603 librorum
492 541 664 624 scriptores
692 558 803 602 omnes
835 537 1023 602 inciderent.
1086 537 1168 604 Siclc

118 631 265 729 qlridem,
298 646 332 707 in
362 656 514 730 promptu
544 644 614 708 fore
638 655 881 728 argumentum:
913 644 1032 728 quippe
1060 641 1169 706 Leom-

117 748 222 830 priam
244 746 283 809 de
305 744 369 809 alio
391 749 494 831 patris
518 765 602 810 nunc
627 745 792 829 deperdito
815 744 899 808 libro
922 742 1031 830 loqui,
1062 742 1182 822 lilora-,

118 850 196 928 rior,
219 870 323 935 genus
343 851 482 912 oscitans
506 860 539 912 et
560 848 748 929 dormitans,
772 847 858 911 buno
879 869 951 911 cum
982 868 1048 910 non
1068 849 1169 911 inve·

118 954 241 1015 nissent
268 950 368 1014 alium
395 946 536 1014 eiusdem
565 953 746 1036 argumenti
766 950 930 1016 Plutarchi
960 951 1096 1013 nomine.
1117 953 1169 1014 ἰιι-Δ

118 1056 295 1139 scripsisse.
338 1054 382 1118 At
400 1053 464 1117 hoc
486 1054 525 1116 ad
547 1053 776 1124 inveniendum
798 1073 892 1138 quam
914 1052 953 1115 ad
969 1038 1194 1122 credendum

119 1169 169 1221 est
190 1155 333 1235 facilius3
356 1178 417 1242 ego
438 1169 526 1220 certe
543 1159 724 1221 etiamnunc
740 1155 919 1240 praefracte
941 1176 1038 1241 nego,
1061 1154 1168 1242 librae

118 1260 238 1323 riorum
258 1262 399 1323 omnium
419 1260 626 1344 quantumvis
646 1258 837 1323 stolidorum
858 1260 956 1323 tacito
975 1260 1066 1344 quasi
1091 1275 1168 1323 con·

118 1376 334 1449 sensuatqne
362 1366 598 1448 conspiratione
625 1361 698 1428 fieri
726 1364 888 1449 potuisse,
921 1375 959 1426 ut
987 1362 1190 1437 Plutarcho,
1276 1444 1279 1453 .

102 1462 237 1528 librum*
258 1464 446 1543 tribuerent,
468 1487 561 1550 quem
570 1464 738 1536 Plutarchi
762 1486 833 1529 erse
855 1466 917 1528 nisi
938 1462 1066 1529 aliunde
1092 1486 1168 1529 con·

118 1564 283 1630 firmatum
311 1581 396 1629 esset
421 1565 515 1630 nemci
545 1569 701 1634 crederet.
757 1569 870 1654 ltaque
891 1560 1079 1652 ponendum
1103 1581 1163 1647 est,
1242 1599 1244 1604 ¹

117 1668 269 1732 librarios
291 1690 406 1732 nomen
429 1672 568 1753 auctoris
592 1692 610 1733 a
632 1671 789 1756 principio
812 1669 874 1734 sibi
896 1654 1049 1733 traditum
1073 1673 1167 1734 acce·

118 1772 223 1856 pisse,
246 1773 429 1856 ponendum
452 1786 518 1855 est,
541 1772 750 1839 Plutarchum
773 1787 937 1837 auctorem
961 1775 1164 1858 esseposse,
1206 1813 1219 1839 t

118 1872 215 1960 idque
241 1897 300 1960 pro
328 1889 415 1940 certo
439 1888 472 1940 et
492 1875 665 1961 explorato
687 1876 891 1965 habendum,
919 1875 994 1938 dum
1016 1877 1166 1941 invenias

119 1979 277 2041 rationem
311 2001 374 2064 qua
412 1978 584 2064 singularis
616 1978 691 2042 libri
726 1980 832 2042 forma
865 1977 1024 2063 explicari
1058 1981 1166 2066 ppssit

118 2080 205 2143 haud
227 2080 409 2146 absurdam.
430 2079 589 2146 ‘Aetolis
611 2082 690 2146 mihi
711 2085 783 2147 visa
807 2094 858 2145 est
874 2102 970 2167 quam
991 2086 1164 2167 proposuit
1208 2114 1211 2121 ¹

119 2180 282 2245 Beckerur
303 2205 409 2261 mens,
440 2197 476 2248 nt
497 2183 690 2249 haberemus
711 2184 908 2249 collectanea
931 2183 985 2249 vel
1008 2186 1163 2250 aduersa-

118 2288 184 2366 ria,
213 2289 245 2349 in
266 2307 348 2371 quae
370 2300 467 2371 prout
488 2288 615 2350 occasio
639 2288 810 2350 offerretur
840 2306 1048 2373 quaecunque
1071 2284 1162 2351 Plut-

120 2389 237 2452 archus
265 2390 438 2453 coniiceret
463 2411 545 2475 quae
576 2388 615 2450 ad
647 2390 756 2452 decem
786 2401 930 2451 oratores
950 2392 1161 2473 pertinerent,

51 2512 54 2523 ·
120 2512 232 2554 eorum
257 2493 342 2561 vitas
372 2490 449 2554 olim
479 2513 524 2554 ex
554 2491 666 2554 ordine
696 2502 906 2574 accurateque
935 2490 1162 2575 descripturus.

118 2593 191 2657 Hoc
219 2593 314 2657 modo
343 2607 499 2678 apparere
526 2593 662 2674 credidi,
692 2613 757 2655 non
779 2593 960 2655 mirandum
983 2613 1053 2655 esse
1076 2596 1163 2680 quod
1204 2668 1209 2681 ¹

118 2696 203 2762 liber
223 2709 287 2760 non
311 2699 407 2777 modo
429 2718 494 2760 non
518 2698 558 2760 ab
581 2699 668 2760 omni
691 2709 783 2782 parte
806 2695 982 2775 absolutus,
1008 2683 1068 2761 sed
1086 2720 1162 2784 per*

120 2822 234 2866 versus
257 2801 337 2864 adeo
360 2813 393 2863 et
415 2800 625 2884 imperfectus
642 2801 797 2872 evaserit3
831 2801 948 2884 qnippe
971 2803 1004 2863 in
1026 2793 1065 2864 eo
1091 2803 1162 2867 dixi

112 2905 332 2988 incomposita
361 2905 485 2979 omnia,
521 2903 698 2987 discerptas
726 2903 919 2996 sententias,
954 2918 1162 2989 praepostera

120 3019 283 3094 tempora,
307 3006 458 3070 confusas
479 3027 653 3092 personas,
674 3004 896 3090 perturbatum
919 3008 1079 3090 ordinem,
1108 3030 1162 3072 re·

119 3134 191 3176 rum
214 3132 344 3175 caussas
366 3132 523 3198 nusquam
546 3111 694 3175 aliasex
718 3110 789 3175 aliis
809 3125 901 3196 aptas
924 3124 956 3174 et
977 3133 1093 3190 nexas,
1112 3117 1162 3178 ni-

120 3213 166 3278 hil
186 3236 245 3279 suo
267 3213 338 3287 loco
361 3213 495 3296 dictum,
523 3214 679 3300 quaedam
707 3227 859 3298 suspecta·
885 3234 922 3276 ao
942 3212 1039 3298 plane
1060 3214 1162 3293 falsa3

115 3338 245 3404 errores
277 3331 384 3381 autern
412 3321 530 3404 partim
556 3321 676 3382 auctori
703 3320 767 3402 ipsi
795 3315 1001 3380 tumultuarie
1027 3321 1161 3402 raptim-

120 3444 183 3510 que
204 3443 286 3508 quae
308 3423 485 3486 invenisset
504 3425 690 3510 congerenti
710 3419 922 3507 imputandos?
935 3439 1020 3500 esse,
1042 3423 1162 3505 partim
1259 3499 1261 3503 ι

122 3538 229 3588 autem
259 3524 393 3589 aliorum
417 3538 487 3589 esse
512 3549 592 3612 quos
616 3526 831 3608 excerpsisset
853 3542 996 3601 errores,
1027 3539 1106 3608 quos
1127 3527 1161 3589 in

122 3630 198 3690 vitis
227 3631 408 3691 accuratius
439 3626 518 3690 olim
548 3640 581 3690 et
615 3625 746 3689 uberius
777 3622 954 3686 scribendis
985 3640 1106 3689 notare
1128 3640 1161 3692 et

123 3733 283 3815 corrigere
304 3732 503 3816 propositum
525 3729 675 3809 haberet,
705 3727 786 3789 alios
807 3726 911 3789 uideri
940 3725 1079 3791 librariis
1105 3729 1161 3794 de·

123 3830 210 3908 beri,
239 3854 419 3919 quanquam
445 3835 484 3897 ad
509 3854 605 3917 qnam
634 3850 717 3894 unus
746 3829 880 3914 quisque
908 3850 998 3891 error
1026 3829 1160 3896 classem

124 3935 296 4018 pertineret
316 3937 461 3999 invenire
483 3934 653 3997 admodum
679 3927 806 4013 difficile
829 3943 922 3994 essct.
964 3929 1068 3997 -Haec
1091 3955 1160 3998 om·
1239 3947 1241 3951 ’

124 4038 178 4100 nia
208 4050 358 4122 tanquam
386 4037 522 4111 inutiliav
539 4036 649 4100 abiicit
677 4056 790 4100 censor
819 4035 1051 4100 severissimus.
1112 4037 1161 4103 Ac

123 4143 260 4225 primum
284 4142 466 4221 contendit,
497 4160 559 4206 non
586 4162 657 4207 esse
679 4161 775 4224 posse
793 4136 1006 4219 collectanea,
1029 4151 1100 4227 eut,
1131 4143 1159 4210 si
1212 4139 1240 4169 ¹
