2572 4590
70 390 295 459 Demosthenis
316 392 534 475 scripseroot3
562 408 645 475 qnos
674 390 759 454 enim
788 402 970 455 memoratu
995 389 1111 477 dignos

25 563 30 573 ,
67 494 162 559 labet
186 514 262 558 eom
290 491 483 578 compilasse
511 512 608 577 quam
630 489 728 555 alium
753 512 935 577 quenquam
962 495 1035 556 veri
1062 507 1111 557 est

66 596 210 663 similius.
267 593 422 660 Ceterum
451 614 534 681 quae
565 592 683 658 Snidas
713 593 812 659 habet
839 617 899 660 nec
925 617 1013 661 nova
1036 610 1111 661 sont

65 716 123 765 nse
139 699 256 784 magni
276 698 385 783 pretii.

89 798 377 865 ·Confidentius
399 795 563 885 aliquanto
585 794 739 861 affirmari
760 813 886 885 potest,
918 802 1020 865 vitem
1042 799 1109 865 lle-

62 900 244 968 mosthenis
271 903 435 987 scripsisse
463 898 774 979 Marcellinum,
812 906 917 967 υἰιοιιι
949 907 983 967 in
1011 902 1110 970 rebus

65 1008 221 1071 tuatorfie
248 1004 658 1087 exercstadnsuunnr¹⁸²).
704 1002 769 1068 Ehe
788 1026 872 1069 anun
893 1005 1110 1072 νλοαο“Τλα-

62 1108 184 1193 eydidis
213 1099 383 1171 exorditur
413 1104 474 1169 hoc
501 1104 615 1170 mode:
649 1111 712 1170 τῶν
737 1108 966 1189 Δημοσθένους
988 1106 1109 1191 μύστας

59 1211 277 1297 γκγενημίυους
299 1212 395 1276 θείων
417 1208 516 1293 λόγων
537 1233 571 1274 τε
594 1209 645 1273 καλ
666 1207 807 1294 ἀγώνων,
837 1216 1108 1292 συμβουλευτικῶν

58 1336 93 1378 se
113 1304 166 1377 καὶ
187 1315 352 1378 δικανικῶν
372 1308 535 1394 νοημάτων
555 1309 689 1393 μεστοὺς
707 1301 887 1394 γινομένους
911 1314 962 1377 καὶ
992 1312 1106 1388 ἱκανῶς

60 1414 314 1501 ἐμφορηθέντας,
337 1410 404 1499 ῶρα
420 1413 527 1478 λοιπὸν
549 1413 600 1478 καλ
614 1417 677 1476 τῶν
694 1411 890 1477 Θουκυδίδου
911 1419 1038 1479 τελετῶν
1060 1416 1107 1479 ἓν·

58 1516 114 1593 τὸς
134 1520 327 1599 καταστῆναι
351 1515 436 1599 ¹³⁸).
473 1513 578 1580 'Haud
597 1535 712 1599 parum
736 1516 851 1596 etiam,
879 1517 907 1579 si
935 1535 1001 1579 non
1020 1518 1106 1582 vitas

42 1602 204 1704 scripsit,
223 1616 264 1680 ad
280 1616 506 1682 illustrandum
523 1615 778 1682 Demosthenem
799 1615 969 1681 contulisse
991 1630 1106 1702 pntan·

59 1718 123 1791 dus
145 1733 196 1784 est
215 1718 327 1784 Hero
348 1718 557 1783 Atheniensis
582 1715 666 1781 libro
687 1720 754 1803 περὶ
775 1724 838 1782 τῶν
860 1718 993 1803 ἀρχαίων
1014 1718 1106 1801 (inrd-

62 1846 130 1915 (ιαινΙΙ
147 1825 199 1887 καὶ
218 1828 281 1887 τῶν
301 1820 398 1905 λόγων
418 1818 464 1897 οἷς
484 1822 627 1903 ἐνίκησαν
646 1819 723 1905 πρὸς
744 1817 895 1903 ἀλλήλους
917 1830 937 1884 a
956 1821 1055 1913 ¹Suida
1076 1845 1104 1892 s.

61 1948 98 1991 v.
113 1922 228 2009 Ἥραν
248 1922 393 1991 laudato.

146 2025 262 2094 Peneis
283 2027 380 2093 liceat
406 2025 576 2093 absolvere
600 2024 748 2093 ultimum
779 2020 874 2115 quem
905 2031 1013 2095 nescio
1041 2055 1104 2119 quo

62 2130 135 2195 inre
155 2133 244 2195 vitae
268 2130 540 2207 Demosthenicne
562 2130 773 2216 scriptoribus
793 2131 1019 2213 adnumerant,
1038 2134 1105 2199 lo-

63 2237 205 2298 ann'em
233 2232 451 2313 Taetrum,
487 2233 731 2319 grammaticum
761 2232 883 2297 saeculi
915 2234 1104 2303 duodecimi.
1160 2307 1164 2317 ,

62 2332 193 2422 Quippe
214 2334 311 2400 lituus
331 2339 364 2400 in
388 2333 527 2400 Chiliad.
547 2334 609 2399 Vl.
631 2356 681 2399 vs.
703 2328 874 2397 64-185.Ι
897 2357 930 2419 p.
954 2341 1013 2399 198
1035 2360 1103 2425 sqq.

62 2438 115 2503 ed.
136 2437 313 2524 Kiessliug
327 2440 400 2521 ¹⁸⁹)
427 2450 522 2525 caput
551 2436 671 2524 legitur·
692 2436 761 2521 περὶ
781 2437 1010 2527 Δημοσθένους
1038 2453 1105 2507 tem

61 2542 172 2645 inepte
193 2554 226 2606 et
247 2562 400 2627 perverse
419 2543 648 2626 compositum,
677 2551 714 2603 nt
735 2540 888 2602 misereat
910 2536 963 2603 vel
981 2544 1103 2609 medio-

61 2628 159 2709 clitar
182 2645 323 2708 eruditos
349 2643 508 2725 hominis,
540 2645 595 2730 qui
615 2643 699 2711 ausit
719 2642 919 2706 sanctissima
947 2656 981 2707 et
1008 2668 1129 2731 pram!

62 2746 241 2811 clarissima
261 2768 406 2834 quaeque
418 2761 539 2812 temere
555 2761 721 2832 proterere
741 2757 774 2807 et
789 2744 986 2830 conculcare,
997 2748 1102 2817 Ther-

53 2834 220 2936 'suasoque
243 2870 302 2935 pro
325 2849 451 2915 lichssle
473 2853 618 2936 pingere.
668 2846 826 2912 ilsetzann
848 2850 876 2912 si
899 2852 1005 2929 andis,
1035 2852 1102 2919 lle·

60 2951 248 3017 mosthenes
269 2955 320 3018 vir
342 2967 413 3017 erat
435 2955 578 3019 omnium
599 2949 853 3040 improbissimus
881 2966 977 3040 atque
997 2956 1102 3041 impu-

60 3057 230 3120 sissimus:
269 3052 422 3120 Cuiusvis
445 3057 575 3142 generis
604 3055 749 3121 convicia
778 3053 975 3120 cumulate
967 3077 1000 3119 m
1028 3079 1102 3123 eunt

60 3142 200 3263 coniicit,
222 3179 305 3247 qnae
323 3160 442 3246 partim
462 3158 579 3224 summi
596 3159 659 3224 virt
648 3156 874 3285 aeqnelibun
887 3158 1007 3242 partim
1027 3158 1102 3224 rhe-

72 3311 273 3332 ..μυ-

129 3376 212 3445 stt)
218 3380 247 3429 Si
267 3379 369 3442 quidem
393 3381 461 3431 idem
482 3388 522 3434 est
542 3384 615 3434 cuius
632 3384 731 3435 scholis
748 3368 786 3430 sd
798 3376 1000 3440 Hermogenem
1005 3381 1102 3445 legun-

60 3465 305 3547 tetrametro
325 3469 504 3522 ed.Walz.t.
526 3473 570 3522 lv.

129 3566 191 3634 lta)
207 3543 246 3619 Ad
264 3571 332 3620 huuc
350 3571 432 3620 locum
452 3572 503 3621 iam
520 3574 672 3620 Hunsortus
691 3568 835 3629 adnotavit,
857 3580 885 3614 se
904 3567 1019 3637 credere,
1036 3571 1102 3620 hene

63 3651 268 3706 dissertationem
287 3656 374 3718 operis
390 3658 518 3720 longioris
536 3671 596 3705 esse
611 3657 790 3714 fragmentum,
811 3667 862 3712 quo
880 3653 1013 3703 uideretur
1031 3672 1102 3707 rom-

62 3737 154 3798 plexus
171 3741 250 3791 tuisse
266 3742 335 3793 vites
352 3744 569 3806 praestantiorum
589 3738 749 3799 quorundam
768 3744 898 3790 oratorum
921 3745 948 3790 et
963 3741 1102 3791 historico-

61 3838 129 3873 ιιιιιι.
163 3826 250 3878 Simile
270 3835 309 3879 est
328 3829 432 3881 initium
451 3830 521 3880 uitae
541 3822 757 3874 Demosthenicae
776 3839 792 3873 a
812 3827 914 3878 zosimo
932 3828 1101 3889 conscriptae,

48 3927 87 3975 :p
107 3911 168 3965 145.
187 3915 227 3965 ei.
242 3917 330 3967 Reiri.

129 4015 193 4085 139)
213 4020 249 4071 (il.
264 4022 354 4072 Eiusd·
372 4009 483 4085 ἐπιτομὴ
503 4011 628 4086 ῥητορική
643 4012 672 4066 in
687 4013 773 4065 tttrett.
790 4027 831 4075 gr.
850 4016 890 4068 ed.
907 4017 992 4071 Wsls.
1009 4018 1030 4072 t.
1048 4012 1099 4067 lll

57 4115 87 4164 p
101 4099 163 4156 617.
