2572 4590
95 190 169 259 ‚oo

129 381 192 447 quo
206 360 344 446 primum
355 355 595 422 [lemosthcnes
613 356 653 420 ed
669 353 900 441 rempublicam
920 361 1068 442 accessit,
1088 383 1170 446 pan·

127 466 263 529 cissimis
284 461 438 538 absolvit;
468 481 542 524 nam
565 481 648 546 qnae
668 458 768 524 habet
789 480 859 543 cap.
886 462 936 525 12.
958 482 1026 548 sqq.
1053 464 1093 529 dc
1115 488 1169 530 ac·

53 608 56 611 ,
129 570 217 632 tione
235 563 390 640 Midiana‚
413 563 452 626 de
476 566 612 628 oratoris
634 561 767 626 consilio
788 564 823 625 iu
843 561 1009 647 republica
1029 568 1167 632 admini-

127 668 259 735 stranda
281 680 314 731 et
333 668 475 740 ratione,
498 664 538 729 de
560 668 629 728 eius
646 663 1024 752 orationibus,=denique
1047 669 1086 733 de
1103 692 1169 735 ex·

128 774 291 861 peditione
312 768 457 834 Euboica
484 782 517 832 et
536 767 714 853 Byzantia,
739 767 907 853 praeclara
929 771 1058 855 quidem
1080 782 1193 851 suna·

128 889 369 942 verumtamen
394 874 523 950 minime
543 875 589 936 sic
612 885 815 957 comparata,
842 885 879 936 ut
900 895 959 957 pro
978 897 1059 941 vera
1080 881 1167 951 vitae

129 980 333 1044 enarratione
355 975 467 1039 haberi
488 977 630 1061 possint,
656 976 718 1038 nisi
739 974 899 1060 indigesta
922 977 1079 1042 dictorum
1101 981 1167 1043 fao·

129 1098 298 1167 torumque
321 1080 486 1164 congeries
507 1077 568 1141 hoc
589 1079 717 1140 nomine
740 1077 887 1141 vocanda
908 1093 968 1143 est.
993 1103 996 1122 ι
1019 1080 1081 1145 Sed
1106 1085 1167 1145 nisi

119 1184 225 1250 fallor
246 1183 391 1267 scriptori
411 1183 497 1245 vitae
519 1182 566 1243 sic
588 1177 747 1263 agendum
769 1192 829 1259 est,
852 1192 889 1242 ut
912 1201 975 1243 non
1002 1184 1097 1248 ruodo
1118 1187 1166 1247 ni-

57 1288 60 1294 ’
129 1288 176 1353 hil
204 1287 287 1350 desit
318 1284 401 1370 qnod
432 1281 577 1345 conferat
607 1280 647 1342 ad
674 1301 747 1343 eam
775 1279 1017 1366 illustrandam,
1053 1308 1164 1350 verum

130 1393 227 1455 etiam
257 1379 293 1451 ut
320 1387 428 1449 omnia
454 1396 541 1457 recto
569 1381 691 1452 ordine,
713 1403 749 1444 ac
779 1385 875 1447 modo
905 1389 1163 1472 progredientur,

124 1492 209 1558 nihil
233 1510 423 1577 perversum
450 1489 492 1551 sit
518 1497 614 1571 atquc
638 1497 897 1571 praeposterum,
928 1502 965 1552 ut
985 1491 1015 1552 is
1040 1491 1163 1577 dequo

130 1600 238 1683 agitur
259 1582 336 1657 anta¹
357 1589 467 1655 oculos
489 1603 616 1653 nostros
636 1590 728 1674 quasi
750 1604 891 1671 crescat,
914 1589 1049 1674 floreat,
1067 1595 1164 1658 deci*

130 1700 195 1763 dat.
239 1697 312 1761 Hoc
333 1709 441 1758 tamen
461 1712 593 1777 prorsus
611 1689 774 1775 neglexit.
784 1690 973 1758 Plutarchus
996 1717 1035 1758 ac
1056 1701 1163 1780 potins

72 1858 75 1863 .
127 1806 175 1866 ita
196 1794 340 1885 σοσῖμιίῑ,Ι
368 1810 488 1859 utnon
513 1809 580 1859 tani
601 1794 715 1857 docere
736 1796 915 1858 nescientes
942 1817 1038 1881 quam
1062 1802 1163 1864 scien·
1203 1819 1206 1827 ·

128 1905 215 1969 tibus
245 1923 315 1965 rem
347 1901 381 1963 in
413 1900 600 1970 memoriam
636 1915 790 1970 revocare
820 1896 961 1961 voluisse
996 1895 1162 1975 videntum
1201 1977 1205 1981 .

127 2019 213 2072 certe
239 2005 381 2090 quinon
402 1999 529 2063 aliunde
554 2011 771 2080 comparatam
794 1990 1091 2079 affertlaocuratarn
1114 2018 1164 2068 to-

124 2113 193 2201 tius
209 2107 326 2175 aetatis
338 2102 567 2169 Macedonicae
588 2101 813 2182 cognitionem,
835 2123 880 2164 ex
898 2102 1068 2189 Plutarcho
1092 2128 1163 2171 earn

126 2213 191 2279 sibi
220 2232 284 2276 non
311 2210 416 2294 magis
443 2203 641 2290 comparabit
667 2224 762 2288 quarn
786 2204 963 2290 intelliget,
994 2211 1069 2294 qnid
1093 2224 1175 2275 tun-1

127 2319 200 2382 dem
229 2314 426 2401 praestiterit
453 2308 687 2373 Demosthenes
720 2322 786 2371 tarn
816 2311 936 2394 insigni
968 2309 1064 2374 laude
1092 2311 1163 2396 dig·

127 2441 216 2500 num,
239 2415 316 2481 ὥστε
337 2411 557 2494 θαυμάζεσθαι
577 2411 635 2490 μὲν
653 2411 685 2474 ἓν
707 2417 746 2495 τῇ
759 2407 906 2489 (Ελλάδι,
930 2409 1161 2495 θεραπεύεσθαι

127 2523 159 2590 δ’
178 2518 238 2583 ὑπὸ
256 2522 313 2582 τοῦ
333 2512 466 2598 μεγάλου
489 2512 652 2592 βασιλέως,
670 2517 815 2580 ,πλεῖστον
836 2513 854 2575 δ
861 2510 870 2535 ‘
891 2510 984 2576 ὰύτοῦ
1005 2512 1098 2597 λόγον
1120 2511 1160 2578 e?-

124 2651 176 2692 ναι
192 2617 284 2704 ,πυρά
307 2622 351 2703 τῷ
376 2617 519 2701 Φιλίππῳ
543 2617 605 2678 τῶν
633 2612 912 2705 δημαγωγούντων,
931 2611 1097 2698 ὁμολογεῖν
1126 2618 1162 2681 δέ

125 2725 176 2793 καὶ
197 2721 269 2796 coda
290 2716 573 2798 άπεγδαιιοιιὲνοος,
606 2713 651 2778 ὅτι
670 2714 745 2795 πρὸς
765 2713 888 2789 ἔνδοξον
910 2715 1014 2791 αὐτοῖς
1036 2715 1158 2802 drapo-
1223 2711 1226 2717 ¹

14 2904 18 2909 ,
56 2900 60 2905 ,
124 2853 182 2893 πον
210 2820 226 2887 ὃ
254 2818 336 2905 άγών
364 2818 444 2894 ἔστι,
478 2839 560 2903 quae
588 2815 688 2879 verba
715 2828 790 2878 sunt
816 2816 978 2880 Plutarchi
1011 2841 1081 2905 cap.
1107 2825 1157 2884 12.

124 2931 216 2995 Haec
236 2944 301 2989 non
321 2932 371 2983 est
391 2918 532 2982 brevitas
554 2917 686 2982 consilio
708 2921 863 3000 auctoris,
892 2923 948 3006 qui
969 2923 1069 2998 vitas,
1093 2945 1156 2987 non

123 3029 272 3098 historias
293 3021 433 3088 scribere
456 3019 610 3103 voluerit,
632 3022 833 3098 excusanda,
856 3023 912 3087 sed
930 3046 1084 3111 perquam
1108 3028 1156 3091 vi·
1206 3012 1221 3088 s

122 3140 208 3203 tiosa
231 3130 420 3197 obscuritas.
471 3125 515 3189 At
530 3124 636 3213 plane
663 3126 817 3213 ¹tenebrae
847 3113 1051 3211 oboriuntur,
1084 3152 1156 3195 cum

121 3234 313 3322 Plutarchus
335 3224 479 3293 consulto
502 3248 584 3311 pene
607 3226 732 3293 omnem
756 3244 935 3315 temporum
957 3235 1156 3299 notationem
1208 3264 1211 3269 ·

116 3341 236 3426 ¹fngiat,
254 3357 329 3400 raro
348 3351 464 3397 annunt
480 3330 609 3408 indicet,
627 3330 702 3414 quin
724 3331 822 3397 immo
843 3331 1033 3425 ubixindicat
1051 3337 1083 3400 in
1105 3358 1155 3399 er.

120 3463 227 3505 rorem
257 3453 484 3519 nonnunquam
518 3432 654 3514 turpiter
673 3430 823 3513 incidat,
862 3437 908 3496 ita
937 3450 973 3500 ut
1002 3451 1155 3523 appareat

118 3543 202 3611 han‘c
218 3557 343 3630 partem
356 3541 508 3604 historiae
522 3534 708 3600 scribendae
729 3556 801 3601 oum
816 3562 946 3625 prorsus
957 3542 1154 3628 neglexisse.

10 3640 16 3651 ’
119 3647 327 3735 Οσοδηοοιο
346 3666 423 3710 vere
445 3642 563 3707 dictum
586 3642 638 3723 sit,
658 3639 785 3707 abunde
804 3646 884 3708 satis
900 3644 1062 3730 ¹probatur
1080 3645 1153 3712 loco

117 3736 187 3839 cap.
212 3734 266 3839 1¹5¹.¹
295 3752 356 3812 τῶν
389 3746 423 3809 δὲ
451 3744 607 3831 δημοσίων
636 3741 652 3808 ὅ
682 3745 740 3827 μὲν
768 3743 832 3810 κατ’
857 3732 1075 3833 Ἀνδροτίιονος
1102 3751 1153 3815 καλ

118 3838 409 3937 Τιμοκράσουςκοιλ
425 3844 680 3933 Ἀριστοκράτους
702 3843 814 3934 ἑτέροις
837 3845 1013 3932 ἐγράφησαν
1022 3899 1033 3929 ,
1066 3849 1153 3917 adun

101 3962 151 4042 ,τῇ
170 3953 306 4039 πολιτιιή
325 3945 610 4035 προσεληλυθότος·
633 3951 719 4015 δοκεῖ
734 3947 792 4033 γὰρ
811 3950 898 4013 δυοῖν
917 3947 937 4032 ἢ
955 3957 1047 4032 τριῶν
1066 3953 1153 4016 δέον-

110 4083 149 4123 τοι
177 4055 229 4139 ἴση
252 4049 416 4140 τριάκοντα
438 4049 569 4135 γεγονὼς
595 4050 753 4137 ἐξενεγκεῖν
778 4052 851 4126 code
874 4050 984 4138 λόγους
1005 4054 1148 4128 ἐκείνους.
