2572 4590
1124 234 1165 315 51
1198 258 1205 271 ⁸

496 348 499 353 ,
796 350 819 387 ,⁸

122 400 215 478 Quae
238 404 346 466 omnia
365 394 440 465 sunt
462 398 645 467 falsissima.
690 395 819 486 Quippe
842 398 971 465 aliunde
992 404 1072 466 satis
1088 423 1166 467 con-

121 518 205 587 stat,
234 526 299 569 non
322 504 383 568 has
410 524 522 568 omnes
549 504 712 567 orationes
734 507 871 590 scriptas
898 525 970 569 esse
992 517 1165 592 antequam

121 607 361 673 Demosthenes
384 605 550 693 accederet
572 604 613 667 ad
638 605 887 690 rempublicam,
913 610 937 670 i.
955 629 983 670 e.
1005 620 1080 671 ante
1109 607 1164 672 01.

123 707 212 793 CVI,
235 716 267 787 3,
290 711 348 777 scd
371 708 627 775 Androtioncam
646 720 788 785 tantum,
817 730 900 794 quae
920 710 1007 773 dicta
1033 723 1082 774 est
1106 699 1174 775 01.Ι
1253 697 1256 702 ’

123 811 212 894 cvl,
236 821 267 877 2.
292 811 444 877 archonte
468 808 673 887 Callistrato,
704 823 816 874 contra
837 809 1073 875 Timocrateam
1087 792 1163 876 *dic-

122 929 187 980 tam
211 915 265 981 01.
288 913 379 993 CVI,
401 916 431 977 4.
462 912 613 976 archonte
640 901 805 994 Eudemlt‚
830 913 1082 979 Aristocrateam
1107 915 1161 980 Ol.

121 1016 229 1094 CVII,
252 1024 282 1081 1
304 1016 457 1081 archonte
479 1013 696 1079 Aristodemo.
752 1014 805 1078 Sic
825 1030 971 1080 accurate
999 1019 1064 1083 iam
1089 1031 1164 1082 ante

120 1119 330 1185 Plutarchum
346 1131 552 1227 exposuerat
573 1117 755 1200 Dionysius
768 1117 902 1182 Halic'
893 1141 927 1182 m
948 1120 1010 1204 Ep.
1031 1120 1071 1185 ad
1083 1120 1163 1186 Am

63 1240 76 1253 “
120 1221 297 1309 maauml.
319 1228 395 1287 ο.4.
438 1218 509 1284 Nec
533 1241 645 1284 verum
657 1234 717 1284 est
736 1221 821 1305 quod
844 1220 943 1302 addit,
955 1221 1162 1288 Demosthe·
1234 1256 1238 1263 ¹

121 1348 195 1397 ncm
216 1341 292 1390 tunc
306 1325 422 1410 viginti
444 1337 476 1386 et
492 1336 616 1407 septem
635 1321 690 1387 vel
710 1336 782 1387 octo
798 1327 900 1393 annos
919 1337 1031 1405 natum
1042 1326 1163 1425 duiss03

120 1450 261 1516 namque
282 1442 378 1491 natus
401 1425 455 1490 01.
476 1422 636 1508 XCVIII,
656 1427 688 1489 4.
713 1447 784 1490 cum
810 1425 1063 1493 Androtioneam
1084 1431 1163 1493 scri·

120 1531 226 1597 beret·
241 1533 358 1595 aetatis
388 1550 506 1592 annum
534 1531 602 1614 egit
631 1533 695 1610 st„
736 1550 807 1594 cum
830 1527 1067 1597 Timocratesm
1095 1536 1160 1613 33„

120 1655 192 1698 cum
216 1632 469 1708 Aristocrateam
491 1634 560 1705 34.;
596 1651 778 1717 quanquam
810 1634 915 1698 minus
945 1653 1065 1719 urgere
1086 1633 1161 1699 volo

119 1736 205 1799 hunc
228 1755 387 1810 errorem,
418 1734 473 1820 qui
493 1735 606 1797 nititur
627 1735 661 1797 in
683 1736 904 1798 controversia
925 1735 969 1798 de
992 1757 1076 1801 anno
1093 1758 1161 1828 xns·

120 1836 179 1905 tali
199 1838 335 1900 oratoris
355 1837 472 1921 quique
493 1837 671 1901 communis
693 1849 743 1901 est
759 1834 933 1901 Plutarcho
955 1835 1018 1901 hac
1036 1840 1071 1902 in
1087 1838 1185 1902 'vita
1259 1866 1262 1871 ⁴

119 1941 241 2005 maiore
263 1958 336 2021 cum
354 1936 510 2021 Dionysio
531 1935 768 2020 aliisqu0110).
810 1938 920 2023 Foede
941 1952 1049 2004 tamen
1075 1957 1162 2008 errat

120 2065 191 2128 cop.
205 2048 258 2105 24.
273 2062 350 2119 oum„
368 2038 496 2107 scribit:
517 2037 651 2122 εἰσήχθη
667 2039 708 2104 ’δὲ
728 2037 797 2105 τότε
818 2037 908 2123 καὶῆ
930 2043 998 2126 περὶ
1019 2047 1076 2111 τοῦ
1095 2070 1162 2111 στε-

119 2143 348 2231 φάνουγριιφὴ
375 2141 455 2208 κατὰ
475 2142 718 2226 Κτησιφῶντος,
750 2135 904 2228 ᾆνραφεῒσα
925 2143 982 2224 μὲν
1006 2143 1055 2207 ἐπὶ
1076 2146 1161 2239 Χαιῑ

120 2243 245 2332 ρώνδοοΙ
260 2242 410 2330 ἄρχοντος
431 2239 540 2327 μικρὸν
562 2239 664 2307 ἐπάνω
683 2228 747 2311 τοῖν
769 2245 984 2326 Χαιρωνικῶν,
1004 2250 1160 2326 ,κριθεῖσα
1239 2298 1243 2315 .

119 2348 151 2412 δ’
173 2347 301 2434 ὕστερον
327 2345 407 2421 ἔνιοι
430 2345 504 2409 δέκα
526 2340 570 2406 ἐπ’
586 2340 839 2428 Ἀριστοφῶντος.
884 2343 930 2407 At
949 2345 1088 2430 scriptus
1110 2361 1160 2412 est

118 2448 248 2515 libellus
276 2446 319 2513 ab
340 2445 503 2512 Aesohine
529 2443 665 2528 septimo
688 2442 818 2516 demum
845 2464 957 2508 mense
984 2459 1059 2531 post
1080 2470 1160 2538 png.
1255 2460 1258 2467 ·

118 2575 192 2619 nam
211 2551 484 2631 Chaeronensem,
507 2542 768 2632 siquidem-haec
788 2560 933 2632 pugnata
952 2561 1002 2612 est
1021 2553 1159 2636 septimo

118 2657 364 2742 Metagitnionis
394 2654 462 2735 die,
499 2664 535 2715 ut
562 2651 632 2736 ipde
658 2651 703 2714 ait
732 2648 924 2717 Plutarchus
953 2655 987 2716 in
1009 2657 1078 2718 vita
1099 2658 1160 2721 Ge·
1214 2688 1221 2697 ,

118 2759 199 2826 milli
226 2781 255 2823 c.
283 2763 340 2839 19,
369 2755 425 2820 ille
447 2777 541 2834 vero,
576 2774 670 2838 quem
702 2755 862 2839 integrum
890 2753 1046 2820 habemus
1072 2759 1160 2843 opud

119 2860 289 2928 Demosth.
310 2863 345 2926 in
367 2881 414 2925 or.
437 2858 468 2923 d.
490 2864 555 2922 cor.
576 2879 609 2941 p.
623 2860 699 2922 243.
721 2862 750 2934 ᾖ.
765 2861 816 2921 54.
831 2877 878 2942 sq.
899 2859 1071 2944 inscriptus
1092 2875 1160 2927 est:

118 2967 168 3033 tut
189 2960 377 3047 Χαιρώνδου
407 2956 566 3044 ἄρχοντος,
601 2957 850 3041 ἐλαφηβολιῶνος
878 2959 949 3046 ἕκτῃ
979 2961 1157 3045 ἱστομίνοο,

117 3067 269 3151 Alexione
295 3061 486 3146 Ἀτρομήτου
518 3062 707 3144 Κοθωκίδης
744 3056 889 3153 dedomo
918 3063 993 3148 πρὸς
1019 3063 1072 3129 τὸν
1102 3065 1160 3150 dp·

117 3193 213 3253 χοντοι
238 3162 428 3253 πορονδμιον
441 3161 573 3248 ιγραφὴν
604 3161 930 3247 καιδΚτησιφῶνιος
957 3170 1020 3227 κτλ.
1072 3164 1158 3235 Τιιιιι

116 3272 259 3359 spatium
279 3287 356 3353 non,
378 3278 415 3331 ut
436 3261 506 3328 vult
526 3261 736 3345 Plutarchus,
763 3263 888 3345 decem,
914 3265 973 3329 sed
995 3279 1065 3345 octo
1089 3282 1159 3334 tau·

119 3387 186 3437 tum
207 3388 365 3447 annorum
395 3366 444 3453 (et
467 3362 521 3430 vel
548 3366 596 3433 sir
626 3368 722 3435 nimis
746 3365 893 3450 longum)
920 3368 1172 3439 fuisse-omnes·

77 3461 80 3465 ‚
118 3479 221 3544 sciunt
247 3475 303 3562 qui
327 3476 360 3537 in
388 3469 609 3536 Demosthene
635 3471 774 3558 legendo
804 3468 1002 3555 aliquantum
1022 3461 1159 3543 tahon}
1216 3561 1226 3584 x

79 3736 82 3740 ⁴
187 3681 250 3744 llo)
273 3683 304 3728 ln
323 3679 416 3740 quibus
434 3678 532 3727 Gellius
551 3681 583 3729 N.
601 3681 632 3727 Δ.
654 3678 709 3727 XV·
728 3677 772 3728 28.
793 3677 856 3727 illud
875 3677 944 3728 adeo
969 3684 1001 3731 ab
1023 3685 1159 3746 uteturque
1252 3714 1261 3729 .

119 3764 395 3833 scriptorisntudiosis
416 3764 620 3833 animadversum
646 3769 673 3839 et
695 3764 890 3825 scriptumest,
918 3767 984 3826 quod
1001 3770 1158 3820 Demosthe.

118 3867 166 3902 nes
184 3856 210 3903 et
229 3851 320 3902 cicero
342 3851 399 3913 pssi
419 3853 504 3901 aetate
521 3848 701 3900 illustrissimis
719 3848 848 3898 orationes
870 3851 896 3899 in
915 3844 1011 3915 caussis
1032 3856 1156 3920 dixerint,

119 3941 185 3989 alter
208 3932 273 3988 κατὰ
289 3930 471 4006 Ἀνδροτίωνος
497 3939 523 3985 et
547 3933 612 3988 uerit
637 3929 815 4004 Τιμοκράτους
840 3938 936 3986 XXVII
960 3954 1047 4009 annos
1071 3948 1158 4011 nattis,

119 4026 185 4076 alter
207 4038 277 4072 anno
295 4023 380 4073 minor
398 4038 445 4084 pro
463 4026 489 4073 P.
510 4022 650 4084 Quinctio,
675 4023 784 4084 septimo
809 4028 835 4072 et
855 4027 979 4087 vigesimo
997 4043 1043 4089 pro
1061 4032 1086 4078 S·
1108 4032 1158 4079 no-

120 4111 181 4164 soin.
218 4114 281 4160 Item
299 4108 417 4158 Zosimus
438 4108 485 4159 vtt
504 4111 576 4158 Dem.
596 4123 621 4169 p.
642 4106 700 4157 151.
719 4112 759 4162 cd.
776 4111 858 4160 Reislr.

893 4196 948 4255 4*
