2572 4590
142 355 203 472 hic¹
216 429 280 492 quo
301 409 336 472 iu
357 408 466 493 priore
483 404 556 472 loco
577 403 633 469 iiie
650 367 895 492 confugiamusi
941 403 1090 493 Gloriam
1111 428 1184 475 csse

142 533 163 574 a
183 509 304 575 lectore
318 511 457 596 quodam
473 512 508 573 in
521 510 667 593 margine
683 510 880 594 adscriptam
899 508 1002 574 verba
1018 505 1061 583 ὡς
1080 515 1183 595 προεί-

142 638 234 696 ρηται
261 635 299 678 eo
322 611 536 679 confidentius
558 608 700 703 affirmo,
729 612 814 699 quod
836 610 948 676 eadem
969 634 1102 698 prorsus
1121 635 1184 710 vo-
1245 611 1248 617 ’

141 713 261 779 lentem
284 739 321 780 ac
340 719 494 782 scientem
515 729 663 799 repetere
687 715 862 779 absurdum
884 728 950 795 est,
981 713 1082 783 multo
1103 738 1183 781 vero

142 815 312 891 absurdius
343 819 490 906 legentes
524 819 565 882 de
592 819 667 902 ipsa
695 817 754 880 tali
784 820 976 904 repetitione
1009 819 1183 885 admouere

140 923 250 1008 itaqua
276 945 368 988 snam
392 922 623 988 absurditatem
646 907 792 985 confiteri
809 924 894 996 ¹¹²).
943 920 983 986 In
1011 924 1108 989 tertia
1129 944 1182 987 re·
1221 930 1232 942 ’

140 1028 312 1109 petitione,
338 1047 420 1110 quae
440 1025 562 1110 iegitur
585 1046 617 1109 p.
639 1027 714 1087 839.
739 1021 776 1086 C.
798 1021 873 1087 coli·
894 1046 927 1109 p.
949 1028 1022 1089 838.
1044 1023 1084 1102 Α,
1098 1047 1181 1107 ἀθα-

117 1148 193 1203 ¹sor
217 1130 288 1212 ipse
316 1128 450 1192 offendit
476 1126 694 1211 aliquantum,
726 1126 784 1188 sed
807 1123 898 1190 brevi
923 1148 1050 1191 omnem
1072 1127 1182 1193 abiicit

140 1228 371 1294 dubitationem
389 1214 451 1321 ‘ac'
466 1228 557 1293 iubet
582 1227 683 1293 verba
709 1225 765 1290 doio
793 1228 828 1291 dd
853 1227 885 1292 iv
913 1227 1024 1295 duom
1052 1235 1098 1318 τῷ
1119 1235 1180 1318 βίῳ

139 1336 327 1416 συνέστησαν
356 1333 439 1421 αὐτῷ
464 1334 576 1417 ἀγῶνες
596 1354 698 1418 usque
722 1312 763 1393 ad
785 1330 961 1417 verbaupiv
982 1335 1180 1418 τριηραρχίαν

137 1433 252 1519 ὑπέστη
281 1459 336 1501 απ
352 1451 446 1500 textu
472 1437 607 1517 eiicere,
640 1449 676 1498 ut
703 1433 844 1519 glossam
868 1434 952 1499 bena
974 1434 1180 1501 cohaerentia

92 1528 103 1543 ⁸
138 1538 239 1611 verba
267 1541 383 1622 λέγεται
411 1538 446 1601 dd
470 1538 522 1601 καὶ
549 1538 704 1619 κελητίσαι
725 1572 770 1585 --
797 1533 839 1609 ὡς
862 1533 945 1599 εἶπόν
966 1556 1060 1611 τινες·
1086 1529 1180 1619 dudd

109 1688 114 1699 .
138 1640 237 1703 αὐτοῦ
263 1642 314 1702 καὶ
340 1640 460 1724 γραπτὴ
485 1635 580 1703 εἰκών
596 1643 663 1702 κτλ.
693 1637 779 1700 mule
810 1637 1060 1722 perturbantem*
1082 1653 1179 1726 atque

138 1741 391 1824 disiungentem3
412 1741 618 1826 eiusdemque
641 1742 781 1824 generis,
803 1742 824 1804 i.
843 1762 872 1804 e.
896 1741 1083 1805 eiiciendanr
1107 1764 1178 1806 esre

136 1846 279 1929 intortam
302 1865 428 1929 quoque
451 1843 595 1907 fabulam
615 1866 647 1928 p.
659 1849 733 1908 838.
757 1844 799 1908 A.
822 1844 903 1929 (uon
926 1841 978 1928 C.)
998 1842 1176 1927 narratam,
1244 1922 1250 1931 ,

137 1969 233 2035 quam
254 1947 339 2010 idem
358 1945 550 2048 Plutarchuff
572 1947 603 2010 d.
623 1943 703 2010 libb.
725 1947 851 2011 educat.
865 1969 890 2011 c
908 1954 939 2011 7.
960 1969 1026 2010 non
1046 1949 1088 2010 ad
1107 1946 1178 2013 Iso·

136 2064 268 2127 cratem,
289 2048 346 2113 sed
366 2049 406 2112 ad
427 2050 627 2134 Aristippum
648 2050 779 2112 referat.
826 2049 951 2114 Varum
972 2050 1033 2114 boc
1056 2064 1104 2115 est
1124 2053 1176 2115 iu·

134 2172 222 2231 rere,
255 2173 318 2216 non
341 2154 485 2215 criticum
508 2173 622 2238 agore,
652 2173 873 2238 corrumpere,
904 2174 967 2217 nou
991 2154 1175 2223 emendare.

134 2252 210 2318 Nou
230 2253 439 2337 corrigendae
461 2266 537 2314 sunt
558 2255 620 2317 hae
642 2259 729 2318 vitae
753 2256 928 2319 secundnm
950 2256 1082 2348 regulas
1102 2257 1175 2329 vnl-‚
1254 2291 1264 2307 ι

133 2378 242 2441 geres,
272 2352 353 2441 quas
371 2352 550 2419 bonafide
575 2358 666 2440 sequi
693 2354 769 2419 licet
791 2357 823 2418 in
847 2359 1011 2420 tractando
1033 2382 1174 2446 purgan-

134 2461 238 2544 doque
258 2456 348 2525 libre,
363 2460 415 2546 cni
437 2456 478 2522 ab
499 2459 570 2542 ipso
590 2459 722 2522 auctora
742 2457 888 2523 nltimam
911 2481 1041 2522 manum
1063 2463 1175 2527 admo·

133 2574 198 2626 tam
217 2585 290 2625 esse
314 2564 451 2634 scimus3
485 2559 587 2624 multo
607 2565 734 2624 ormino
760 2575 792 2625 et
813 2561 1049 2626 consideratius
1070 2564 1174 2650 agen·
1234 2559 1243 2583 ⁸

132 2666 208 2728 dum
232 2676 281 2727 est
301 2684 375 2728 cum
400 2662 461 2725 hoc
483 2660 615 2755 iibeiio,·
629 2665 735 2726 -cnius
756 2663 1015 2749 tam-singularia
1042 2679 1092 2730 est
1113 2689 1171 2732 na-

114 2779 204 2830 -tura
223 2779 330 2851 atque
355 2763 497 2841 indoles,
531 2766 741 2850 quique·.··ipsi
770 2767 895 2828 censori
923 2770 1035 2833 nostro
1059 2770 1172 2854 spissis
1253 2816 1256 2822 -

130 2868 235 2932 adhuc
260 2865 401 2933 tenebris
429 2886 603 2950 oppressus
633 2869 728 2930 iacet.
785 2867 856 2952 Ego
888 2869 1035 2954 equidem
1061 2875 1170 2936 omnia

128 2991 210 3034 sana
240 2990 311 3034 essa
341 2980 433 3032 ratus
468 2988 571 3053 neque
600 2965 683 3031 hanc
718 2969 816 3032 miror
846 2972 1073 3055 repetitionem
1105 2972 1171 3037 aiio

128 3087 272 3158 tempore
294 3090 390 3155 quatu
410 3092 475 3156 qno
494 3070 621 3154 priora,
649 3091 732 3157 quae
758 3073 830 3161 ipra
850 3094 977 3160 quoque
999 3075 1040 3137 ad
1061 3088 1182 3141 acces-³

127 3177 436 3262 nones-pertinent,
462 3195 551 3238 -uuno
573 3187 681 3241 tanen
709 3177 866 3240 memoria
892 3179 1169 3245 auctoriaxcide·

126 3292 213 3364 runt,
236 3302 282 3346 ex
300 3279 365 3344 alio
386 3280 475 3344 fonte
496 3278 643 3345 harnam
664 3293 698 3345 at
720 3281 926 3368 adscriptam,
948 3304 1053 3369 nequa
1074 3283 1168 3349 fabu-

125 3385 190 3450 iam
210 3386 306 3453 istam
327 3395 364 3446 nt
389 3385 530 3469 ineptam
552 3394 672 3448 temera
694 3381 847 3447 damnare
870 3386 990 3463 ausim,
1017 3407 1166 3471 praeser-

126 3490 183 3552 tim
208 3509 280 3552 cnm
303 3484 344 3549 ad
365 3485 567 3572 Aristippum
589 3488 708 3549 rectius
730 3507 771 3550 au
794 3486 837 3549 ad
859 3484 1032 3551 isocratem
1055 3510 1095 3553 ea
1115 3510 1166 3554 re-

126 3610 323 3630 d--o--u—
412 3620 415 3624 ·

147 3754 150 3759 .
193 3690 255 3757 tlt)
279 3693 375 3741 {tudem
398 3694 475 3753 plane
493 3694 559 3743 ratio
580 3699 621 3743 ert
640 3694 756 3743 eiurhru
774 3694 941 3743 additamenti
964 3694 991 3745 in
1008 3698 1054 3752 vit.
1071 3702 1164 3754 Aercb.
1263 3724 1269 3734 ·

124 3789 148 3835 p.
166 3773 227 3826 844.
246 3781 275 3827 a
296 3781 356 3832 coti.
373 3795 399 3840 p.
412 3780 474 3831 840.
493 3782 644 3859 αυμίιερ
664 3787 751 3847 mmqp
769 3781 931 3837 iudicandum
952 3783 984 3833 de
1000 3786 1060 3836 loco
1078 3789 1165 3839 conri-

123 3861 178 3909 mili
195 3861 225 3927 in¹
243 3863 379 3929 trititiam.
396 3883 422 3928 p.
439 3866 500 3918 84¹1.
517 3870 548 3919 E.
569 3861 584 3933 ἦ
604 3867 638 3919 δὲ,
649 3862 721 3919 εἰκὼν
739 3863 788 3918 τοῦ
804 3863 979 3938 Δημοχάρους
998 3873 1033 3930 εἰς
1051 3871 1081 3925 τὸ
1099 3891 1163 3940 πρυ·

121 3953 222 4000 curator
237 3952 424 4019 μετεκομίσθη,
441 3955 497 4018 περὶ
515 3943 545 4020 ἧς
561 3957 719 4023 προείρηται,
735 3969 800 4016 quae
818 3946 959 4005 referenda
975 3964 1037 4009 runt
1053 3962 1085 4009 ad
1104 3977 1164 4022 pro-

120 4035 190 4084 xime
208 4037 395 4104 antecedentia,
418 4054 520 4101 ex·quo
539 4043 663 4104 requitur,
680 4048 709 4090 ut
729 4057 780 4090 uuo
800 4048 890 4092 tenore
910 4047 1006 4106 scripta
1025 4030 1078 4097 rint
1097 4064 1161 4109 quae

120 4121 157 4170 itt
175 4124 207 4172 de
225 4123 384 4175 Demochare
400 4131 569 4189 proferuntur
589 4131 648 4179 inde
666 4145 682 4178 a
701 4131 786 4180 rerbtr
805 4131 855 4194 εἶχε
874 4131 902 4182 di
918 4132 962 4188 aori
978 4127 1092 4203 ἀδελφὴν
1105 4138 1158 4190 κτλ.
