2572 4590
109 182 116 218 l

1118 245 1162 308 55
1251 270 1256 280 .

120 420 202 483 mari
224 429 300 482 ante
321 408 472 482 vidimus
523 413 677 480 Attamen
705 436 769 479 non
794 427 862 480 tam
884 418 939 480 vio
961 438 1000 480 ao
1020 417 1157 498 ratione,
1246 437 1251 455 ·

119 542 215 606 quam
235 532 333 605 prout
353 520 479 583 occasio
500 517 602 581 ferret
623 528 719 604 atque
729 506 835 582 libido
859 518 919 581 hac
939 520 974 582 in
990 539 1026 582 re
1047 520 1158 582 veisa·

120 637 173 687 tus
200 644 271 687 ease
292 622 419 687 videtur
426 644 436 698 3
467 623 586 707 quippe
612 621 647 683 in
674 620 780 683 media
802 623 857 685 via
884 620 1027 685 substitit
1054 641 1159 705 neque
1233 640 1240 648 ²

97 726 204 811 aquod
223 728 388 810 inceperat
409 744 469 810 per
490 736 592 787 totum
614 741 696 806 opus
716 737 929 809 persequutus
952 736 1013 787 est.
1062 721 1158 798 Quot

118 828 195 913 quid
217 827 279 893 sihi
300 827 399 902 velit,
427 826 584 911 imprimis
604 839 739 910 apparet
760 847 805 889 ex
831 824 1036 890 multitudino
1057 823 1173 923 histo-¹
1276 860 1280 882 r

118 932 238 994 riarum
260 932 329 994 siva
350 927 532 994 fabularum
553 948 644 1012 quas,
663 929 712 991 uti
729 948 828 1013 supra
849 929 1047 1009 dictumest,
1068 925 1159 992 Plut-

118 1033 237 1097 arelius
258 1054 349 1097 suam
374 1031 481 1118 legem
502 1043 655 1117 sequutus
678 1032 862 1109 immiscuit,
885 1046 922 1096 ut
943 1033 1085 1096 animum
1098 1045 1157 1095 ·at·

117 1159 180 1221 que
208 1134 349 1200 indolem
381 1136 519 1198 oratoris
544 1135 734 1197 ‘accuratius
768 1133 975 1199 describeret.
1040 1132 1078 1198 ln
1108 1133 1159 1197 his

70 1297 73 1302 .
117 1261 300 1325 quanquam
318 1237 418 1323 plura
438 1240 548 1301 insunt
569 1234 736 1322 praeclara
757 1256 903 1322 quaeque
930 1234 972 1300 ah
993 1234 1157 1300 oblivione

113 1343 281 1407 'vindicata
299 1363 370 1405 esse
389 1344 460 1404 iure
478 1341 633 1426 gaudeas,
654 1360 719 1404 non
735 1340 850 1404 desunt
870 1352 979 1404 tamen
1002 1360 1085 1426 quae
1105 1341 1156 1403 in·
1186 1368 1188 1373 >

116 1459 205 1510 carta
238 1461 271 1509 et
305 1444 346 1507 ah
361 1444 510 1508 ‘historia
543 1440 651 1506 aliena
682 1463 754 1507 esse
782 1443 962 1507 videantur.
1027 1440 1157 1506 Scilicet
1232 1464 1236 1471 ¹

117 1546 310 1612 Plutarchus
331 1545 414 1611 fines
442 1545 504 1610 sihi
533 1548 597 1632 ipsi
624 1548 762 1631 scriptos
789 1566 887 1630 saepe
909 1547 1028 1631 migrat
1049 1562 1154 1631 neque

118 1652 309 1735 accquiescit
341 1651 375 1713 in
402 1649 589 1713 enarrandis
621 1649 685 1726 eis,
725 1669 809 1734 quae
837 1646 899 1711 sihi
924 1660 1000 1713 sunt
1027 1651 1155 1733 πρᾶγμα
1274 1710 1282 1719 ,

118 1752 218 1836 βραχὺ
240 1754 291 1815 καὶ
313 1749 399 1835 ῥῆμα
422 1753 473 1814 καὶ
494 1748 602 1815 παιδιά
622 1776 681 1826 τις,
706 1771 819 1815 verum
841 1753 1034 1836 gravissima
1055 1768 1153 1836 quae·

72 1926 75 1930 ¹
118 1876 181 1940 que
194 1854 343 1918 ‘historiis
363 1852 545 1938 fabulisque
572 1852 732 1944 cumulate
757 1853 925 1939 distinguit
948 1865 982 1916 et
1003 1865 1154 1916 exornat.

117 1957 180 2020 Sed
209 1979 250 2020 ne
279 1955 359 2020 haec
385 1948 513 2041 quidem
542 1953 718 2019 desiderari
746 1954 882 2032 vellem,
919 1955 1014 2020 modo
1033 1944 1155 2019 'auctor

117 2059 236 2145 ubique
258 2060 365 2123 fontes
386 2059 575 2146 indagasset
601 2060 808 2145 ipsarumque
829 2057 1012 2140 fabularum
1033 2059 1155 2122 veritar-

86 2181 90 2187 ·
117 2179 181 2229 tem
207 2169 242 2253 ip
263 2167 485 2250 quaestionem
507 2179 673 2240 vocassem
703 2177 852 2229 neutrum
875 2167 962 2228 enim
988 2163 1045 2229 uhi
1064 2165 1171 2243 iacit„

116 2268 258 2333 declarat
279 2290 314 2332 ae
336 2282 369 2331 at
390 2267 480 2348 aliia,
502 2269 556 2353 qui
577 2269 663 2330 idem
684 2268 893 2358 tradiderunt,
915 2266 1014 2331 fidem
1035 2266 1156 2331 hahere

116 2393 177 2435 nec
195 2374 300 2457 ipsum
322 2371 362 2434 de
382 2372 430 2433 rei
448 2373 585 2432 veritate
605 2370 764 2432 dubitare.
797 2370 902 2454 Saepe
921 2360 1056 2433 numero
1077 2390 1155 2434 sane
1228 2422 1230 2429 .

116 2474 212 2558 paul,
239 2472 370 2556 λέγεται,
404 2470 458 2535 vel
478 2469 543 2535 tale
570 2471 645 2556 quid
673 2466 817 2548 subiicit,
847 2474 938 2556 quasi
959 2482 1023 2534 non
1048 2478 1152 2552 auam)

116 2574 174 2638 sed
202 2572 339 2639 aliorum
363 2576 546 2658 opinionem
566 2576 742 2638 memoriae
770 2573 894 2646 tradat;
924 2574 982 2647 sed
1007 2576 1063 2660 qui
1088 2576 1154 2638 sint

117 2679 172 2772 qui
199 2689 275 2741 ante
296 2676 497 2740 tradiderunt
524 2677 665 2762 quidque
685 2679 757 2761 ipse
778 2689 909 2740 censeat
928 2680 1068 2741 reticens
1088 2697 1152 2741 non

115 2780 252 2845 multum
273 2779 366 2845 abest
383 2802 414 2844 a
441 2784 545 2866 prisco
571 2779 845 2866 logogrephorum
872 2802 961 2845 more
983 2802 1081 2867 seque
1102 2784 1153 2867 ip·

116 2905 189 2949 sum
210 2884 316 2970 prodit
342 2882 524 2948 fabularum
545 2905 710 2969 aucupem.
753 2881 956 2972 Quamquam
980 2888 1065 2949 enim
1087 2907 1152 2950 non

117 2989 146 3051 is
177 3008 246 3051 sum
278 2989 334 3073 qui
361 2989 502 3051 cuiusvis
517 2981 581 3051 ¹rei
609 2988 762 3051 disertum
792 3002 906 3073 petam,
929 2987 970 3052 ah
998 2988 1153 3053 historiae
1267 3023 1269 3027 v

116 3093 274 3176 scriptore
297 3092 535 3169 testimouium,¹
561 3093 669 3155 temeri
695 3090 752 3156 uhi
772 3093 841 3176 ipse
861 3113 921 3155 suo
943 3093 1072 3155 nomine
1095 3091 1153 3156 ali·

118 3195 193 3281 quid
215 3194 361 3279 proferre
384 3192 530 3271 dubitat,
561 3190 690 3281 postulo
717 3207 753 3257 ut
773 3216 829 3258 cur
853 3193 976 3258 dubitet
998 3194 1082 3258 dicat
1102 3205 1166 3259 at·-

118 3318 181 3384 que
207 3309 370 3359 auctorem
392 3298 555 3379 nominet,
586 3288 778 3381 praesertim
803 3318 874 3360 cum
897 3298 929 3359 in
952 3298 1082 3380 antiqua
1103 3296 1153 3360 hi·
1220 3345 1225 3355 .
1279 3368 1283 3373 ,

116 3401 219 3465 storia
239 3399 418 3463 enarranda
438 3402 620 3464 auctoritati
641 3398 928 3486 quamplurimum
948 3393 1153 3464 tribuendum

119 3524 190 3568 esse
212 3501 368 3566 videatur.
412 3501 519 3568 Huius
540 3505 669 3588 generis
691 3515 766 3566 sunt
785 3524 868 3588 quae
885 3501 1075 3568 Plutarchus
1095 3504 1154 3568 ha·

119 3602 175 3669 het
197 3605 237 3669 de
260 3601 537 3691 Callistratocap.
552 3611 582 3684 ti,
604 3605 644 3669 de
665 3605 866 3670 orationibus
880 3592 1078 3691 Apollodoro
1101 3619 1154 3672 at-

120 3706 397 3796 quexPhormioni
418 3711 547 3795 scriptis
574 3728 644 3793 cap.
669 3711 720 3786 15,
754 3709 794 3771 da
823 3708 902 3794 fuga
925 3709 1155 3775 Demosthenis

121 3829 191 3893 cap.
204 3815 257 3887 26,
279 3810 359 3885 slie;
381 3815 532 3894 graviora
554 3822 637 3897 quae
658 3831 717 3873 suo
739 3812 866 3875 nomine
887 3813 1069 3898 prolert‘de
1087 3813 1153 3877 De·
1251 3832 1255 3842 '

61 3903 67 3909 ’
121 3911 296 3976 mosthcuis
317 3915 357 3976 ad
380 3915 560 4000 Philippum
583 3913 747 3999 legatione
768 3937 838 4000 cap.
862 3922 912 3993 16,
938 3938 1019 4003 quae
1043 3939 1062 3980 a
1084 3914 1155 3978 vul·

120 4016 192 4100 gari
216 4016 365 4098 opinione
393 4017 487 4080 valde
509 4017 708 4100 discrepant,
740 4017 779 4081 de
800 4018 1029 4085 Demosthenis
1057 4017 1156 4081 auda·
1224 4039 1230 4047 “

104 4118 171 4207 cia
199 4127 440 4204 autepuguam
468 4116 728 4184 Chaeronensem
756 4123 888 4209 eiusque
918 4125 952 4186 in
983 4120 1155 4207 pugnando
