2572 4590
1104 202 1204 298 ἰι

157 421 196 465 ee
216 398 397 469 timaret
404 418 475 464 nea
490 399 536 464 in
547 400 616 465 vita
634 396 872 469 Demosthenis
896 401 1020 470 denuo
1030 401 1201 472 scribenda

155 502 292 589 amplius
317 503 519 588 respicienda
545 521 623 571 esse
638 502 798 570 crederet·
842 502 951 570 Scmel
980 524 1055 570 eunt
1077 527 1097 571 a
1119 530 1197 627 pro

153 607 258 690 posito
286 617 419 673 tautum
430 602 599 671 aberrasse
625 624 691 669 non
714 618 765 669 est
785 606 920 688 mirum,
951 611 1141 692 praesertim
1162 612 1228 675 iu

137 722 245 793 ,purte
265 711 352 777 uitae
373 708 565 793 posteriore,
586 728 658 775 oum
681 728 746 775 uon
768 728 896 793 semper
915 711 1072 774 maiorem
1091 713 1197 777 vitam

152 832 227 879 curn
257 811 298 874 ad
330 831 461 874 manum
489 808 656 875 habuisse·
669 809 847 880 verisimile
878 812 930 876 sit.
985 811 1113 878 Scilicet
1141 813 1195 880 hic
1230 839 1235 845 ’

151 907 297 998 quoque,
323 915 371 977 uti
393 914 427 976 in
448 910 581 997 reliquis
594 924 768 977 ‘oratorum
788 914 881 994 vitis,
914 915 962 980 sie
980 915 1133 998 instituit,
1156 929 1193 982 ut

149 1017 289 1100 primum
311 1016 445 1100 quaein
467 1027 619 1100 promptu
640 1012 777 1079 haberet
795 1014 1022 1099 conscriberet,
1044 1031 1120 1104 post
1141 1017 1191 1082 di·
1265 1100 1269 1104 .

149 1120 260 1183 versis
283 1114 480 1204 temporibus
512 1128 609 1200 prout
643 1117 771 1180 occasio
810 1116 940 1181 daretur
974 1118 1040 1184 alia
1071 1122 1193 1206 raptim

149 1220 339 1295 subiiceret3
359 1220 421 1286 hoc
440 1231 527 1283 certe
546 1241 666 1306 ponere
686 1242 751 1291 non
770 1219 944 1311 absurdum
964 1236 1026 1305 est,
1047 1242 1120 1290 cum
1137 1245 1191 1289 us·

150 1345 212 1410 que
233 1322 324 1408 adp.
344 1325 417 1387 847.
435 1321 473 1386 Β.
491 1321 561 1406 (δύο
582 1325 632 1407 καὶ
654 1320 782 1403 tibuatur)
804 1324 913 1388 omnia
932 1327 1071 1410 quodam
1092 1328 1189 1393 modo

149 1424 362 1506 cohaereant,
390 1445 457 1489 uno
480 1436 620 1508 excepto
644 1421 736 1502 loco,
758 1426 820 1511 <qui
842 1437 892 1489 est
915 1425 956 1490 de
979 1427 1125 1513 partibus
1147 1426 1189 1494 ab

148 1541 276 1593 oratore
297 1529 332 1591 in
355 1525 612 1605 administranda
632 1524 799 1610 republica
822 1528 901 1592 actis
922 1551 955 1614 p.
972 1532 1045 1594 844.
1065 1530 1103 1595 F.
1123 1531 1189 1596 ἐπεὶ

147 1632 183 1696 δὲ
203 1635 248 1717 τῷ
269 1627 548 1695 πολιτεύεσθαι-
568 1631 699 1706 πολλοὺς
720 1627 831 1706 ἄλλους
851 1630 928 1716 πρὸς
948 1628 1087 1713 τούτοις,
1117 1635 1188 1719 qui·

148 1754 210 1819 que
231 1752 338 1795 rerum
358 1731 502 1796 ordinem
524 1744 589 1795 turn
609 1729 819 1796 vehementer
845 1731 1031 1817 perturbat,
1053 1747 1090 1798 ιιι
1112 1755 1188 1799 euru
1210 1806 1213 1811 ,

147 1834 190 1898 ad
213 1837 391 1920 marginem
416 1834 610 1919 adscriptum
631 1846 665 1898 et
689 1832 796 1900 alieno
817 1833 920 1900 loco
911 1858 945 1901 ιιι
966 1849 1094 1957 textum
1112 1851 1187 1924 post

145 1936 272 2003 illatum
294 1959 366 2002 esse
387 1938 571 2022 suspiceris.
1129 2000 1133 2005 ,

173 2039 293 2105 His
314 2039 463 2105 omnibus
485 2041 599 2125 opinor
621 2010 766 2122 efficitur,
788 2052 825 2105 ut
853 2063 967 2107 censor
988 2054 1099 2110 noster
1120 2064 1186 2109 non

146 2092 288 2209 olfecerit
309 2142 395 2228 quod
416 2143 562 2207 effecisse
584 2140 646 2207 sibi
666 2145 760 2209 visus
781 2156 841 2223 est,
864 2158 902 2209 ut
922 2147 1067 2211 nostram
1086 2167 1187 2232 argu·

146 2248 373 2310 monterionem
401 2267 465 2310 non
493 2245 699 2325 refutaverit,
730 2246 828 2310 immo
857 2268 929 2310 eam
955 2250 1061 2334 magis
1088 2250 1187 2313 ctiam

146 2345 370 2412 confirmandi.
387 2348 660 2432 peropportunam
696 2344 790 2410 nobis
819 2350 1020 2413 occasionem
1050 2349 1186 2432 dederit,

146 2452 277 2515 omnino
302 2448 424 2514 nihil
414 2472 448 2513 ru
474 2451 615 2515 medium
636 2448 807 2534 protulerit
834 2470 881 2514 ex
901 2472 965 2538 quo
987 2462 1186 2536 sequeretur,
1272 2518 1276 2526 ,

146 2552 352 2618 Plutarchum
381 2550 495 2616 harum
525 2553 665 2616 vitarum
696 2564 859 2616 auctorem
883 2573 956 2618 esse
982 2573 1060 2617 nou,
1078 2575 1186 2639 posse.

75 2676 80 2685 ‘
145 2655 248 2721 Simul
270 2667 420 2742 apparet,
451 2669 517 2720 tem
545 2676 618 2719 csse
644 2653 764 2721 libruru
785 2657 890 2741 ipsunt
910 2646 1023 2722 utilem
1042 2678 1086 2720 ac
1112 2678 1187 2742 pre·

144 2762 280 2840 tiosurn,
312 2779 409 2844 quam
430 2759 500 2822 eius
522 2778 619 2822 usum
645 2753 807 2823 difficilem
828 2779 867 2823 ao
886 2756 1055 2849 lubricum.
1105 2758 1189 2824 Sunt

144 2854 309 2948 permixta
331 2861 417 2926 bona
437 2860 542 2938 malis,
565 2881 644 2925 vera
665 2858 844 2941 lalsis,'sod
868 2859 948 2927 nihil
969 2862 1185 2948 spernendum

145 2965 228 3051 quod
245 2963 437 3029 Plutarchus
457 2977 494 3028 ut
511 2962 685 3026 adnotaret
704 2962 836 3048 dignum
854 2951 978 3046 habuit,
993 2966 1092 3028 immo
1113 2985 1187 3049 per·

143 3067 316 3135 ficiendum
339 3056 424 3151 quod
446 3063 602 3151 perficere
621 3067 730 3131 nescio
753 3088 817 3153 que
841 3088 876 3131 re
900 3081 1013 3134 auctor
1034 3070 1105 3153 ipse
1126 3069 1187 3129 im·

143 3169 271 3257 peditus
292 3183 361 3248 est,
390 3167 478 3235 bona
501 3189 643 3254 veraque
665 3169 806 3234 eruenda
831 3183 929 3257 atque
954 3168 1187 3249 confirmanda,

143 3272 231 3341 mala
256 3271 416 3357 falsaque
426 3270 627 3358 repudianda
648 3284 746 3358 atquc
767 3271 956 3337 refellenda.
1005 3269 1100 3348 Quod
1128 3273 1190 3337 etsi

142 3376 261 3464 ubique
285 3373 359 3439 fieri
379 3396 489 3474 possa
497 3372 594 3461 plane
616 3373 851 3460 desperandum
874 3389 940 3456 est,
971 3373 1052 3437 duce
1079 3386 1188 3437 tamen

143 3501 224 3546 sana
245 3478 371 3543 ratione
401 3491 434 3543 at
464 3488 612 3547 accurata
632 3475 727 3542 huius
756 3478 911 3562 temporis
933 3474 1089 3541 historiae
1109 3495 1190 3560 cog·

144 3586 267 3649 uitione
286 3583 327 3645 in
343 3578 491 3666 plurimis
512 3578 593 3645 locis
615 3592 742 3664 potest3
768 3592 938 3665 praeterea
961 3591 1028 3642 tarn
1049 3577 1209 3663 prodeo..

146 3689 187 3749 tis
207 3698 257 3750 est
278 3682 444 3749 modestae
471 3683 549 3748 dare
578 3679 700 3767 aliquid
728 3701 957 3768 nonnunquam
986 3666 1188 3758 divinationi,

145 3804 241 3872 quam
264 3769 445 3870 arrogantis
473 3785 583 3855 omnia
605 3781 786 3868 explicare,
822 3805 919 3871 quam
947 3805 1018 3848 esse
1045 3782 1190 3870 quodie

143 3887 251 3955 medio
271 3886 527 3975 'rehoqucudum
555 3887 599 3951 sit
626 3885 723 3950 lateri
752 3886 861 3952 malle.
911 3882 1007 3963 Quod
1030 3899 1103 3949 utut
1129 3896 1188 3964 est,

90 3998 93 4003 '
147 3992 236 4057 vitae
262 3987 534 4059 Demosthenicum
557 3991 706 4076 scriptori
721 3989 762 4061 ¹hi
784 3991 848 4057 duo
874 3988 952 4056 libri
976 4010 1036 4077 pro
1061 3988 1191 4076 petissi-

147 4091 378 4161 misioatibus
397 4093 648 4173 habendi‚sunt.
1053 4084 1056 4091 ’
1103 4084 1106 4090 ’
