2602 4606
1241 124 1247 140 Ι

749 226 800 333 ι*

149 412 212 480 que
237 412 302 456 nou
332 366 397 455 tam
421 392 593 469 sententiis
617 390 855 479 frequentatum
881 413 977 480 qoam
998 392 1106 462 verbis
1136 419 1194 465 vo·

145 495 356 582 luor‘eatqua
380 497 547 579 incitatum
569 512 697 572 monet,
727 519 793 561 nou
813 499 922 564 vivam
946 502 1101 578 oratoris,
1134 503 1192 568 sed
1216 516 1219 525 “

145 597 287 672 fucatam
315 596 547 670 declamatoris,
570 598 635 684 legi
659 601 848 666 orationem.
904 590 1019 688 Neque
1045 604 1192 668 eximcu·
1257 615 1260 619 '
1297 589 1299 593 Α

146 698 205 763 dus
227 722 272 765 ex
296 697 357 763 hoo
383 721 517 764 numero
541 698 714 778 Lihauius‚
745 700 820 765 licet
841 700 1099 786 Demosthenem
1120 719 1189 773 tam

145 800 259 866 scdulo
280 814 448 888 sequatur,
474 814 511 865 ut
531 800 584 865 vel
605 801 711 866 locum
733 795 912 885 interdum,
942 805 1027 869 unde
1049 805 1110 872 hcc
1131 806 1187 873 vel

141 902 222 968 illud
244 904 467 990 depromptum
488 917 520 968 et
543 925 733 989 expressum
756 908 816 987 sit,
844 909 1006 991 possimus
1025 910 1187 1005 indicarcq

140 1028 216 1072 raro
238 1020 345 1071 tamen
366 1004 480 1087 efficit,
502 1020 539 1070 ut
558 1006 738 1070 declamare
760 1029 835 1072 eum
859 1006 1101 1093 obliviscamur,
1126 1035 1185 1078 ve·

139 1108 190 1181 lut
210 1112 245 1172 in
272 1108 423 1195 apologia
450 1108 682 1174 Demosthenis
711 1123 732 1174 t.
753 1109 814 1176 lV.
838 1133 870 1196 p.
892 1115 955 1175 313
977 1135 1046 1200 sqq.
1070 1117 1104 1178 in
1126 1116 1182 1221 dq-

140 1214 314 1298 scriptione
334 1210 402 1298 ficti
423 1215 561 1275 oratoris
585 1211 832 1298 rad-Philippum
853 1214 977 1278 itineris
998 1238 1056 1300 per
1079 1215 1181 1282 Grae·

138 1317 240 1391 ciam3
272 1337 367 1402 quam
388 1336 455 1378 rem
476 1298 551 1380 licet
572 1314 747 1400 simplicius
775 1312 877 1378 multo
900 1320 1121 1400 tractavisset,
1150 1323 1179 1385 si

138 1420 264 1487 occasio
293 1416 369 1481 data
392 1404 494 1498 esset,
524 1414 762 1481 Demosthenes
783 1418 853 1502 ipse
881 1439 939 1480 seu
966 1421 1072 1504 quivis
1095 1419 1178 1484 alius

137 1519 233 1602 huius
255 1524 409 1605 temporis
431 1534 551 1601 orator,
577 1535 685 1584 tamen
709 1518 844 1621 Libaqii
862 1543 987 1607 quoque
1008 1520 1099 1609 loeus
1120 1521 1177 1589 ille

136 1635 209 1709 taur,
224 1637 297 1708 apte
326 1610 520 1709 compositus
543 1636 591 1687 est
615 1636 799 1708 tantamque
826 1621 924 1689 hahet
945 1628 1176 1696 sententiarum

131 1728 327 1813 ⁴gravitatem
363 1749 400 1791 ac
435 1726 577 1791 dolorem
585 1762 596 1808 ,·
632 1741 668 1792 ut
697 1747 769 1790 cum
803 1724 1015 1792 delectatione
1046 1727 1176 1795 aculeos

103 1899 109 1911 ,
134 1831 232 1893 etiam
251 1827 417 1913 reliquerit
438 1832 471 1892 in
493 1831 609 1892 animis
633 1829 816 1893 auditorum
841 1829 975 1916 ipsoque
995 1831 1067 1896 foro
1088 1830 1174 1928 haud

133 1932 285 2017 indignus
315 1951 386 1993 esse
408 1931 565 1995 videatur.
675 2006 676 2009 Ἴ

164 2087 172 2100 .
218 2031 288 2129 Nee
307 2035 410 2119 magis
427 2031 506 2098 illud
528 2034 635 2098 effecit
655 2033 862 2099 Lucienus
884 2036 952 2101 sive
975 2037 1172 2125 quiscunque

132 2148 245 2200 auctor
274 2149 323 2200 est
352 2139 494 2225 encomii,
513 2136 743 2202 Demosthenis
775 2140 860 2225 quod
885 2141 918 2204 in
940 2138 1031 2204 lihris
1052 2139 1170 2204 Lucia*
1214 2153 1216 2156 ’

98 2311 105 2323 1
131 2240 202 2303 neis
228 2242 417 2305 continetur.
482 2237 587 2315 Quem
611 2243 838 2326 ‚quaestionem
868 2262 887 2304 a
916 2241 1026 2311 multis
1054 2242 1171 2308 leviter

128 2343 331 2427 perstrictam
347 2341 496 2413 *necdum
526 2363 546 2404 a
570 2335 730 2427 quoqudm
754 2355 902 2406 accurata
928 2356 1168 2428 pertractatam,

130 2447 280 2532 quoniam
303 2446 496 2530 gravissima
518 2458 567 2508 cst
589 2466 625 2508 ao
647 2442 720 2508 talis
743 2466 838 2529 quam
860 2465 926 2507 non
949 2444 1052 2510 trihus
1074 2460 1189 2534 quat-'
1257 2471 1261 2483 ·

128 2532 245 2612 tuosve
265 2546 373 2611 verbis
395 2544 561 2626 absolvas,
593 2546 645 2610 hio
666 2549 796 2611 missam
820 2546 992 2629 faciamus,
1020 2570 1167 2632 praeser-

128 2650 187 2713 tim
209 2670 280 2711 cum
304 2646 453 2710 Raetica
474 2649 547 2731 ¹²⁶)
580 2669 651 2712 eam
681 2669 716 2711 sc
740 2649 967 2734 expediturum
998 2672 1068 2715 csse
1100 2655 1166 2717 iam

129 2750 248 2813 dudum
270 2750 464 2834 promiserit,
487 2753 736 2837 necquicquam
759 2773 798 2814 ca
819 2751 939 2815 referat
960 2752 1000 2816 ad
1024 2768 1167 2820 nostram

127 2875 198 2921 rem
217 2853 450 2920 illustrandam.
493 2853 622 2926 Scilicet
641 2858 767 2921 etiamsi
788 2855 952 2921 Lucienus
974 2856 1069 2923 huius
1090 2857 1168 2925 lihri

128 2968 240 3021 auctor
266 2969 368 3033 essct,
399 2976 464 3019 non
493 2971 698 3042 sequeretur,
730 2972 767 3023 ut
794 2961 897 3025 maior
923 2963 953 3024 ei
975 2983 1071 3049 quam
1097 2965 1167 3027 oui-

127 3079 223 3144 quam
254 3056 309 3121 elii
327 3055 417 3121 mdes
439 3056 588 3122 habenda
617 3073 712 3123 esset.
763 3058 929 3153 Quantum
954 3066 1040 3128 enim
1068 3086 1166 3151 saepe
1284 3150 1294 3159 .

125 3156 261 3226 numero
282 3159 447 3223 Lucienus
468 3181 489 3223 a
508 3162 646 3249 veritate
677 3165 781 3228 sciens
805 3166 976 3230 recesserit
998 3179 1093 3251 atquc
1115 3165 1166 3230 hi·
1225 3172 1229 3180 “

126 3266 258 3330 storiam
287 3263 327 3345 ad
349 3262 523 3352 peculiare,
542 3284 635 3329 suum
667 3265 835 3332 consilium
864 3268 1164 3351 accommodaverit,
1276 3255 1281 3264 ¹

124 3390 192 3434 non
212 3380 260 3432 cst
282 3369 368 3455 quod
385 3365 494 3431 multis
514 3366 786 3447 demonstremus3
808 3391 913 3455 neque
931 3371 1163 3455 vituperamus,

125 3472 201 3536 dum
221 3471 317 3536 modo
341 3492 406 3534 non
427 3473 497 3555 ipse
519 3486 576 3536 aut
598 3471 680 3537 alius
701 3495 854 3558 cumpro
876 3471 1029 3537 historico
1051 3472 1164 3538 haberi

123 3573 214 3649 velit.
280 3573 367 3638 Satis
399 3586 449 3637 est
482 3574 655 3638 admonere
689 3575 743 3638 de>
760 3574 975 3660 praelectione
1005 3575 1165 3642 Herodoti

127 3670 326 3760 Olympiaca,
342 3697 437 3762 quam
456 3674 689 3768 aDahlmanni
709 3680 908 3771 argumentis
928 3662 1101 3745 defendens
1121 3702 1163 3747 ne
1248 3711 1250 3715 ·

125 3773 314 3860 Krucgerus
335 3779 463 3864 quidem
489 3776 531 3843 ah
555 3780 643 3843 omui
664 3776 845 3865 suspicione
875 3781 1051 3849 vindicavit
1075 3787 1160 3868 127).

130 3920 319 3939 ——Q

194 4017 259 4082 126)
278 4023 308 4080 ln
326 4022 432 4084 Eneycl.
450 4022 470 4074 l.
487 4023 506 4072 l.
525 4036 551 4083 p.
565 4018 609 4094 qs.
627 4023 660 4074 cl.
678 4022 787 4071 {lacurn
803 4023 866 4072 uttt.
884 4025 909 4073 d.
926 4025 999 4074 Doro.
1018 4040 1042 4086 p.
1055 4021 1089 4075 29
1107 4037 1161 4086 sqq.

98 4108 101 4110 ’
195 4104 257 4175 127)
281 4109 311 4158 F.
331 4107 362 4161 C.
380 4112 537 4160 Daumius
559 4109 667 4163 Feroci.
692 4111 739 4160 sol
760 4111 785 4161 d.
806 4109 898 4162 Gehlet
919 4111 945 4164 d.
968 4112 1058 4160 Geren.
1079 4108 1116 4162 ll.
1136 4111 1163 4166 1.
