2602 4606
166 434 294 498 modste
319 436 470 517 inventa,
505 432 643 520 plurima
674 432 715 497 ab
741 432 876 496 historia
905 429 1000 517 placo
1031 429 1209 496 abhorrere

168 551 298 622 tamquo
317 536 519 623 impudenter
540 533 618 599 ficta
639 547 733 622 atqua
756 535 909 598 ementita
929 553 1011 615 ossa,
1033 547 1072 598 ut
1087 547 1209 618 ,sponte

170 653 341 723 appareat,
373 653 519 702 auctores
545 641 633 725 ipsos
664 660 703 701 ca
729 639 860 701 minimo
889 657 948 721 pro
977 640 1066 701 veris
1094 626 1210 700 haberi

167 739 328 822 voluisse,
359 741 416 804 sed
438 753 561 804 tautum
585 738 870 804 declamationibus
893 741 961 802 suis
982 751 1210 824 argumentum

134 865 208 929 „ac
230 865 347 908 nomen
373 842 499 907 illustro
522 845 737 929 quaesivisse,
769 855 806 905 ut
828 836 935 926 mag'is
958 840 1218 926 exsplendesce·.

168 960 242 1010 rent
261 948 386 1033 ipsiquo
407 960 568 1011 ostentare
590 959 722 1031 possent
747 965 880 1007 acumen
900 946 1039 1028 ingenii,
1061 964 1124 1029 quo
1147 965 1211 1010 ex·

168 1050 317 1134 peditent
344 1070 378 1112 se
401 1071 447 1137 ex
470 1071 506 1112 re
529 1046 677 1112 omnibus
700 1045 830 1110 fabulae
852 1048 1061 1132 veritatisque
1083 1045 1210 1134 laqueis

168 1138 304 1215 nfirifice
325 1153 459 1218 irretita.
511 1148 606 1226 Quod
629 1171 731 1237 genus
754 1148 996 1214 declamationis
1025 1162 1060 1211 ut
1084 1150 1210 1212 exerci-

169 1257 300 1324 tationis
322 1275 436 1337 caussa
456 1256 623 1319 inventum
643 1256 774 1317 minime
796 1253 1031 1333 damnaverim,
1062 1255 1138 1337 quia
1158 1253 1208 1315 in·
1252 1282 1255 1287 ·

152 1359 300 1442 „gauium
317 1356 412 1421 valde
429 1371 562 1422 exercet
583 1370 678 1444 atquc
698 1357 796 1437 acuit,
818 1354 892 1440 dum
911 1376 982 1418 non
998 1368 1120 1418 temere
1136 1375 1211 1439 gar·

167 1460 315 1524 siendum
337 1461 485 1547 quicquid
511 1463 545 1525 in
570 1458 721 1543 buccam,
750 1458 806 1523 sed
834 1460 942 1522 omnia
967 1459 1143 1544 prudenter
1160 1455 1211 1518 -ad

167 1575 287 1627 certam
318 1561 457 1650 aliquam
483 1561 673 1649 firmamque
690 1559 842 1626 'normam
865 1561 1033 1646 dirigenda
1062 1563 1143 1640 sint,
1174 1566 1224 1628 ut,

169 1662 310 1750 aliquam
344 1678 430 1730 certo
461 1681 514 1730 res
544 1667 689 1731 veritatis
720 1668 859 1750 speciem
892 1666 1111 1735 nanciscatur3
1147 1682 1210 1746 quo

166 1770 319 1853 pertinet,
339 1781 376 1832 ut
396 1788 504 1847 rerum
525 1781 691 1855 gestarum
713 1768 793 1831 ordo
815 1779 972 1847 servetur,
994 1779 1030 1828 ut
1055 1765 1095 1827 ad
1117 1784 1211 1827 suum

85 1886 88 1891 ’
168 1868 329 1955 quemque
357 1871 523 1955 ingenium
553 1870 791 1934 accommodate
819 1865 1003 1954 loquentem
1030 1866 1128 1929 faciat
1156 1865 1211 1928 do·
1254 1884 1260 1890 ·

169 1968 337 2048 clamator,
365 1984 398 2032 ct
418 1992 501 2056 quac
522 1987 597 2037 sunt
620 1970 748 2036 similia.
794 1967 889 2045 Quod
913 1971 975 2032 etsi
994 1965 1210 2031 infimo‘tem·

168 2093 249 2158 pore
271 2071 351 2134 adeo
372 2069 556 2156 neglectum
579 2086 638 2148 est,
660 2086 697 2135 ut
717 2075 751 2135 in
772 2075 851 2157 ipsis
873 2070 913 2133 de
931 2084 1000 2134 arte
1024 2071 1150 2153 scriptis
1169 2067 1211 2132 li·

167 2173 237 2238 bris
260 2195 280 2236 a
300 2172 561 2260 praeceptoribus
583 2175 692 2237 omnia
713 2175 840 2236 misceri
861 2174 1102 2256 permitteretur
1125 2173 1213 2250 ¹3⁵),

170 2279 336 2363 superiore
358 2288 465 2341 tamen
489 2277 668 2340 accuratius
690 2273 897 2339 observatum
920 2295 991 2337 esse
1017 2274 1134 2355 docent
1155 2261 1211 2334 de)

168 2379 397 2445 clamationum
425 2379 520 2443 modo
548 2376 751 2442 laudatarum
783 2400 865 2464 quae
896 2390 1029 2458 extant,
1064 2374 1211 2461 inprimis

48 2498 51 2509 ’
95 2549 102 2572 0
167 2481 312 2564 Libanii,
332 2483 396 2546 viri
417 2484 459 2545 in‘
473 2481 608 2544 historia
628 2479 715 2543 illius
739 2481 893 2563 temporis
916 2476 1145 2551 versatissimi3
1164 2475 1212 2540 ibi

169 2587 256 2670 enim
279 2587 387 2648 omnia
409 2596 496 2647 recte
517 2585 602 2646 iuter
630 2604 667 2649 se
693 2597 769 2669 apta
792 2569 889 2668 atquc
913 2603 1002 2644 nexa
1023 2594 1115 2661 sunt,
1150 2600 1210 2647 suo
1234 2588 1237 2594 '
1269 2571 1277 2597 ⁸

169 2687 317 2774 quodque
346 2684 616 2771 ordine‘positum
646 2699 712 2761 est,
742 2666 823 2749 nihil
850 2698 1060 2770 praepostere
1086 2683 1211 2747 incidit.

110 2840 112 2845 ⁴
169 2787 344 2852 Praeterea
364 2809 466 2872 genus
488 2787 568 2852 illud
589 2787 831 2852 declamationis
858 2810 916 2872 per
940 2808 975 2849 se
1003 2771 1129 2873 quoquo
1151 2783 1213 2848 ha·

168 2890 224 2955 bet
249 2909 312 2976 quo
333 2891 591 2965 commendetur;
618 2888 753 2954 mirifica
775 2891 859 2953 enim
883 2884 1008 2952 animus
1035 2889 1095 2952 hac
1115 2885 1213 2951 labu-

169 2992 241 3058 losa
261 2993 399 3056 veritato
422 2990 575 3056 delectari
597 2993 698 3071 solet,
722 2995 912 3079 praesertim
934 2991 1009 3056 ubi
1020 3007 1132 3056 auctor
1157 2992 1212 3055 in·

169 3098 304 3183 geniosa
327 3090 490 3157 rei‘fictae
511 3098 703 3159 tractatione
726 3093 837 3176 efficit,
862 3107 898 3158 ut
919 3101 1032 3158 veram
1053 3114 1117 3157 non
1135 3104 1213 3156 ossa

57 3262 61 3270 ,
170 3220 268 3284 aegre
290 3195 349 3261 tibi
371 3180 558 3281 persuaderi
580 3198 714 3279 patiare.
767 3199 873 3284 Atque
900 3194 960 3261 lro'c
984 3197 1111 3284 quidem
1133 3217 1212 3261 raro
1266 3266 1270 3275 ,

108 3328 116 3335 ·
171 3298 212 3363 ab
234 3301 374 3386 antiquis
396 3295 579 3361 rhetoribus
600 3297 750 3362 effectum
773 3314 833 3381 cst,
854 3321 950 3386 quam
974 3298 1100 3386 culpam
1121 3311 1212 3363 aeta·

19 3415 23 3425 ’
118 3396 120 3401 ’
171 3403 213 3463 tir
242 3424 313 3464 esso
344 3401 431 3464 dicas
453 3401 587 3463 nimium
614 3401 679 3462 iam
708 3421 728 3461 a
753 3402 873 3466 virtuts
898 3405 1057 3466 maiorum
1086 3399 1212 3465 abalie-

151 3515 284 3579 ⁸nutae;
313 3523 440 3593 temper
461 3503 546 3566 enim
568 3500 637 3565 fere
658 3501 759 3565 nimia
782 3502 955 3570 verborum
977 3507 1070 3592 copia
1091 3524 1211 3590 genus-

240 3786 303 3848 125)
325 3791 416 3838 Matth.
436 3768 574 3844 camariot.
596 3793 657 3854 cpit.
676 3793 741 3842 rhet.
760 3805 801 3854 ap.
821 3793 905 3841 Walz.
925 3796 943 3844 t.
961 3795 1003 3844 vl.
1026 3810 1052 3856 p.
1071 3791 1169 3846 6⁰6st
1154 3811 1212 3846 rost

69 3861 76 3868 ’
171 3874 198 3926 dl
216 3892 259 3923 και
250 3867 340 3924 ullu
357 3875 554 3978 προβλημιατικά
573 3877 644 3944 εἴδη,
666 3873 741 3944 ἔγγὺς
755 3873 837 3941 μὲν’
823 3874 985 3941 ασυστᾶτων,
1002 3879 1165 3945 μελετᾶσθαι
1182 3881 1212 3933 δὲ

170 3957 314 4039 δυνάμενα·
335 3958 436 4026 πρῶτον
452 3959 483 4015 τὸ
503 3965 726 4033 itrpoppatlc,-
745 3959 907 4032 δεύτερον
880 3984 911 4016 το
932 3957 1126 4019 condulcorat·
1150 3968 1212 4018 olor

109 4106 118 4115 ἱ
167 4041 234 4112 μετὰ
260 4043 308 4110 τὴν
327 4048 423 4097 Νικίου
441 4045 579 4118 ἐπιστολὴν
596 4043 693 4119 yp'u'prv
716 4069 756 4109 τις
773 4051 883 4101 Κλέωνα
906 4055 1073 4118 στρατηγεῖν·
1084 4053 1213 4116 τέθνηκα

143 4126 216 4201 aydp
233 4150 248 4184 o
237 4128 355 4184 ’Κλέων
378 4127 428 4197 πρὸ
447 4128 498 4185 τῶν
515 4130 680 4189 Σικελικῶν.
885 4156 889 4163 ·
